<record xmlns:xs="http://www.w3.org/2001/XMLSchema">
         <leader>     cam a22     1  4500</leader>
         <controlfield tag="001">537114009</controlfield>
         <controlfield tag="003">CHVBK</controlfield>
         <controlfield tag="005">20181122181643.0</controlfield>
         <controlfield tag="008">170419s1987    gw a          00    ger d</controlfield>
         <datafield tag="020" ind1=" " ind2=" ">
            <subfield code="a">3-8204-0152-0</subfield>
         </datafield>
         <datafield tag="035" ind1=" " ind2=" ">
            <subfield code="a">(SNL)991006180319703976</subfield>
         </datafield>
         <datafield tag="035" ind1=" " ind2=" ">
            <subfield code="a">(Sz)928433-41snl_51</subfield>
         </datafield>
         <datafield tag="035" ind1=" " ind2=" ">
            <subfield code="a">(Sz)vtls000928433</subfield>
         </datafield>
         <datafield tag="035" ind1=" " ind2=" ">
            <subfield code="a">(Sz)000928433</subfield>
         </datafield>
         <datafield tag="040" ind1=" " ind2=" ">
            <subfield code="a">Sz</subfield>
            <subfield code="c">SAZ</subfield>
         <subfield code="d">SzZuIDS HSG</subfield></datafield>
         <datafield tag="044" ind1=" " ind2=" ">
            <subfield code="a">gw</subfield>
            <subfield code="a">sz</subfield>
         </datafield>
         <datafield tag="100" ind1="1" ind2=" ">
            <subfield code="a">Mästle</subfield>
            <subfield code="D">Andreas</subfield>
         </datafield>
         <datafield tag="245" ind1="1" ind2="4">
            <subfield code="a">Die Steuerunion</subfield>
            <subfield code="b">Probleme der Harmonisierung spezifischer Gütersteuern</subfield>
            <subfield code="c">Andreas Mästle</subfield>
         </datafield>
         <datafield tag="260" ind1=" " ind2=" ">
            <subfield code="a">Frankfurt a.M.</subfield>
            <subfield code="a">Bern [etc.]</subfield>
            <subfield code="b">P. Lang</subfield>
            <subfield code="c">cop. 1987.</subfield>
         </datafield>
         <datafield tag="300" ind1=" " ind2=" ">
            <subfield code="a">III, 202 S.</subfield>
            <subfield code="b">Ill.</subfield>
            <subfield code="c">21 cm.</subfield>
         </datafield>
         <datafield tag="336" ind1=" " ind2=" ">
            <subfield code="b">txt</subfield>
            <subfield code="2">rdacontent</subfield>
         </datafield>
         <datafield tag="337" ind1=" " ind2=" ">
            <subfield code="b">n</subfield>
            <subfield code="2">rdamedia</subfield>
         </datafield>
         <datafield tag="338" ind1=" " ind2=" ">
            <subfield code="b">nc</subfield>
            <subfield code="2">rdacarrier</subfield>
         </datafield>
         <datafield tag="490" ind1="1" ind2=" ">
            <subfield code="a">Finanzwissenschaftliche Schriften</subfield>
            <subfield code="x">0170-8252</subfield>
            <subfield code="v">33</subfield>
         </datafield>
         <datafield tag="504" ind1=" " ind2=" ">
            <subfield code="a">Literaturverz. S. 196-202.</subfield>
         </datafield>
         <datafield tag="583" ind1=" " ind2=" ">
            <subfield code="8">1900851600</subfield>
            <subfield code="a">wne</subfield>
         </datafield>
         <datafield tag="650" ind1=" " ind2="0">
            <subfield code="a">Customs unions (US-DLC)</subfield>
         </datafield>
         <datafield tag="650" ind1=" " ind2="0">
            <subfield code="a">Excise tax (US-DLC)</subfield>
         </datafield>
         <datafield tag="650" ind1=" " ind2="0">
            <subfield code="a">International economic integration (US-DLC)</subfield>
         </datafield>
         <datafield tag="650" ind1=" " ind2="7">
            <subfield code="a">Außenhandel</subfield>
            <subfield code="0">(DE-588)4003832-4</subfield>
            <subfield code="2">gnd</subfield>
         </datafield>
         <datafield tag="650" ind1=" " ind2="7">
            <subfield code="a">Handel</subfield>
            <subfield code="0">(DE-588)4023222-0</subfield>
            <subfield code="2">gnd</subfield>
         </datafield>
         <datafield tag="650" ind1=" " ind2="7">
            <subfield code="a">Steuerharmonisierung</subfield>
            <subfield code="0">(DE-588)4125519-7</subfield>
            <subfield code="2">gnd</subfield>
         </datafield>
         <datafield tag="650" ind1=" " ind2="7">
            <subfield code="a">Steuerpolitik</subfield>
            <subfield code="0">(DE-588)4057447-7</subfield>
            <subfield code="2">gnd</subfield>
         </datafield>
         <datafield tag="650" ind1=" " ind2="7">
            <subfield code="a">Verbrauchsteuer</subfield>
            <subfield code="0">(DE-588)4135545-3</subfield>
            <subfield code="2">gnd</subfield>
         </datafield>
         <datafield tag="650" ind1=" " ind2="7">
            <subfield code="a">Zollunion</subfield>
            <subfield code="0">(DE-588)4191030-8</subfield>
            <subfield code="2">gnd</subfield>
         </datafield>
         <datafield tag="830" ind1=" " ind2="0">
            <subfield code="a">Finanzwissenschaftliche Schriften</subfield>
            <subfield code="v">33</subfield>
         </datafield>
         <datafield tag="950" ind1=" " ind2=" ">
            <subfield code="B">SNL</subfield>
            <subfield code="P">100</subfield>
            <subfield code="E">1-</subfield>
            <subfield code="a">Mästle</subfield>
            <subfield code="D">Andreas</subfield>
         </datafield>
         <datafield tag="950" ind1=" " ind2=" ">
            <subfield code="B">SNL</subfield>
            <subfield code="P">490</subfield>
            <subfield code="E">1-</subfield>
            <subfield code="a">Finanzwissenschaftliche Schriften</subfield>
            <subfield code="x">0170-8252</subfield>
            <subfield code="v">33</subfield>
         </datafield>
         <datafield tag="950" ind1=" " ind2=" ">
            <subfield code="B">SNL</subfield>
            <subfield code="P">830</subfield>
            <subfield code="E">--</subfield>
            <subfield code="a">Finanzwissenschaftliche Schriften</subfield>
            <subfield code="v">33</subfield>
         </datafield>
         <datafield tag="986" ind1=" " ind2=" ">
            <subfield code="a">SWISSBIB</subfield>
            <subfield code="b">51587048X</subfield>
         </datafield>
         <datafield tag="898" ind1=" " ind2=" ">
            <subfield code="a">BK020000</subfield>
            <subfield code="b">XK020000</subfield>
            <subfield code="c">XK020000</subfield>
         </datafield>
         
      <datafield tag="690" ind1="H" ind2="D">
	    	<subfield code="8">KA</subfield>
	    	<subfield code="a">Ausländisches Steuerrecht : Staatenverbände, Staatengruppen</subfield>
	    	<subfield code="2">HSG-IFF</subfield>
	    </datafield></record>