<record xmlns:xs="http://www.w3.org/2001/XMLSchema">
         <leader>     cam a22     7  4500</leader>
         <controlfield tag="001">26820814X</controlfield>
         <controlfield tag="003">CHVBK</controlfield>
         <controlfield tag="005">20181117023547.0</controlfield>
         <controlfield tag="008">130817s1967    sz            00    ger  </controlfield>
         <datafield tag="019" ind1=" " ind2=" ">
            <subfield code="a">16500439</subfield>
            <subfield code="5">Dan</subfield>
         </datafield>
         <datafield tag="035" ind1=" " ind2=" ">
            <subfield code="a">(IDSBB)003339334</subfield>
         </datafield>
         <datafield tag="035" ind1=" " ind2=" ">
            <subfield code="a">(NEBIS)003418901</subfield>
         </datafield>
         <datafield tag="035" ind1=" " ind2=" ">
            <subfield code="a">(ABN)000417633</subfield>
         </datafield>
         <datafield tag="035" ind1=" " ind2=" ">
            <subfield code="a">(SNL)991002209929703976</subfield>
         </datafield>
         <datafield tag="035" ind1=" " ind2=" ">
            <subfield code="a">(ALEX)991793834101791</subfield>
         </datafield>
         <datafield tag="035" ind1=" " ind2=" ">
            <subfield code="a">(IDSSG)000991103</subfield>
         </datafield>
         <datafield tag="035" ind1=" " ind2=" ">
            <subfield code="a">(Sz)320204-41snl_51</subfield>
         </datafield>
         <datafield tag="035" ind1=" " ind2=" ">
            <subfield code="a">(Sz)vtls000320204</subfield>
         </datafield>
         <datafield tag="035" ind1=" " ind2=" ">
            <subfield code="a">(Sz)000320204</subfield>
         </datafield>
         <datafield tag="040" ind1=" " ind2=" ">
            <subfield code="a">SzZuIDS BS/BE A100</subfield>
            <subfield code="e">kids</subfield>
         <subfield code="d">SzZuIDS HSG</subfield></datafield>
         <datafield tag="100" ind1="1" ind2=" ">
            <subfield code="a">Letsch</subfield>
            <subfield code="D">Hans</subfield>
            <subfield code="d">1924-</subfield>
            <subfield code="0">(DE-588)170169782</subfield>
         </datafield>
         <datafield tag="245" ind1="1" ind2="4">
            <subfield code="a">Die Ausgabenflut im Staatshaushalt als volkswirtschaftliches und staatspolitisches Problem</subfield>
            <subfield code="c">Hans Letsch</subfield>
         </datafield>
         <datafield tag="264" ind1=" " ind2="1">
            <subfield code="a">[Aarau]</subfield>
            <subfield code="b">[Verlag nicht ermittelbar]</subfield>
            <subfield code="c">1967</subfield>
         </datafield>
         <datafield tag="300" ind1=" " ind2=" ">
            <subfield code="a">40 S.</subfield>
            <subfield code="b">Ill.</subfield>
            <subfield code="c">8.</subfield>
         </datafield>
         <datafield tag="490" ind1="1" ind2=" ">
            <subfield code="a">Veröffentlichungen der Aargauischen Handelskammer</subfield>
            <subfield code="v">H. 6</subfield>
            <subfield code="i">6</subfield>
            <subfield code="w">(IDSBB)000792975</subfield>
            <subfield code="9">304550892</subfield>
         </datafield>
         <datafield tag="583" ind1=" " ind2=" ">
            <subfield code="8">1900273334</subfield>
            <subfield code="a">dea</subfield>
            <subfield code="i">ps</subfield>
            <subfield code="c">NB102-2007</subfield>
            <subfield code="l">nt</subfield>
         </datafield>
         <datafield tag="690" ind1=" " ind2="7">
            <subfield code="B">u</subfield>
            <subfield code="a">Schweiz / Staat / Oettentliche Finanzen / 1950- ersch</subfield>
            <subfield code="2">idszbz Z9</subfield>
         </datafield>
         <datafield tag="690" ind1=" " ind2="7">
            <subfield code="B">s</subfield>
            <subfield code="a">Buchführung</subfield>
            <subfield code="2">alex helvetosaurus</subfield>
         </datafield>
         <datafield tag="690" ind1=" " ind2="7">
            <subfield code="B">s</subfield>
            <subfield code="a">Finanzwesen</subfield>
            <subfield code="2">alex helvetosaurus</subfield>
         </datafield>
         <datafield tag="690" ind1=" " ind2="7">
            <subfield code="B">s</subfield>
            <subfield code="a">Haushaltsausgabe</subfield>
            <subfield code="2">alex helvetosaurus</subfield>
         </datafield>
         <datafield tag="690" ind1=" " ind2="7">
            <subfield code="B">g</subfield>
            <subfield code="a">Schweiz</subfield>
            <subfield code="2">alex helvetosaurus</subfield>
         </datafield>
         <datafield tag="690" ind1=" " ind2="7">
            <subfield code="B">u</subfield>
            <subfield code="u">YL7</subfield>
            <subfield code="a">Wirtschaftswissenschaften : Finanzwissenschaft. Betriebswirtschaftliche Steuerlehre : Finanzpolitik. Fiscal Policy. Finanzwirtschaft und Finanzpolitik einzelner Länder</subfield>
            <subfield code="2">idssg HD</subfield>
         </datafield>
         <datafield tag="830" ind1=" " ind2="0">
            <subfield code="a">Veröffentlichungen der Aargauischen Handelskammer</subfield>
            <subfield code="v">6</subfield>
         </datafield>
         <datafield tag="909" ind1=" " ind2="7">
            <subfield code="a">MedeaZBZ</subfield>
            <subfield code="c">eich</subfield>
            <subfield code="2">idszbz ZR</subfield>
         </datafield>
         <datafield tag="909" ind1=" " ind2="7">
            <subfield code="f">medea</subfield>
            <subfield code="2">idsuzh U2</subfield>
         </datafield>
         <datafield tag="909" ind1=" " ind2="7">
            <subfield code="a">AG1967 11</subfield>
            <subfield code="2">abn YA</subfield>
         </datafield>
         <datafield tag="912" ind1=" " ind2="7">
            <subfield code="a">wi</subfield>
            <subfield code="2">SzZuIDS BS/BE</subfield>
         </datafield>
         <datafield tag="950" ind1=" " ind2=" ">
            <subfield code="B">IDSBB</subfield>
            <subfield code="P">100</subfield>
            <subfield code="E">1-</subfield>
            <subfield code="a">Letsch</subfield>
            <subfield code="D">Hans</subfield>
            <subfield code="d">1924-</subfield>
            <subfield code="0">(DE-588)170169782</subfield>
         </datafield>
         <datafield tag="950" ind1=" " ind2=" ">
            <subfield code="B">IDSBB</subfield>
            <subfield code="P">490</subfield>
            <subfield code="E">0-</subfield>
            <subfield code="a">Veröffentlichungen der Aargauischen Handelskammer</subfield>
            <subfield code="v">H. 6</subfield>
            <subfield code="i">6</subfield>
            <subfield code="w">(IDSBB)000792975</subfield>
            <subfield code="9">304550892</subfield>
         </datafield>
         <datafield tag="950" ind1=" " ind2=" ">
            <subfield code="B">NEBIS</subfield>
            <subfield code="P">100</subfield>
            <subfield code="E">1-</subfield>
            <subfield code="a">Letsch</subfield>
            <subfield code="D">Hans</subfield>
         </datafield>
         <datafield tag="950" ind1=" " ind2=" ">
            <subfield code="B">NEBIS</subfield>
            <subfield code="P">490</subfield>
            <subfield code="E">--</subfield>
            <subfield code="a">Veröffentlichungen der Aargauischen Handelskammer Aarau</subfield>
            <subfield code="v">Heft 6</subfield>
            <subfield code="i">6</subfield>
            <subfield code="w">(NEBIS)000987413</subfield>
            <subfield code="9">304550892</subfield>
         </datafield>
         <datafield tag="950" ind1=" " ind2=" ">
            <subfield code="B">ABN</subfield>
            <subfield code="P">100</subfield>
            <subfield code="E">1-</subfield>
            <subfield code="a">Letsch</subfield>
            <subfield code="D">Hans</subfield>
         </datafield>
         <datafield tag="950" ind1=" " ind2=" ">
            <subfield code="B">ABN</subfield>
            <subfield code="P">490</subfield>
            <subfield code="E">0-</subfield>
            <subfield code="a">Veröffentlichungen der Aargauischen Handelskammer Aarau</subfield>
            <subfield code="v">H. 6</subfield>
            <subfield code="i">6</subfield>
            <subfield code="w">(ABN)000616090</subfield>
         </datafield>
         <datafield tag="950" ind1=" " ind2=" ">
            <subfield code="B">SNL</subfield>
            <subfield code="P">100</subfield>
            <subfield code="E">1-</subfield>
            <subfield code="a">Letsch</subfield>
            <subfield code="D">Hans</subfield>
         </datafield>
         <datafield tag="950" ind1=" " ind2=" ">
            <subfield code="B">SNL</subfield>
            <subfield code="P">490</subfield>
            <subfield code="E">1-</subfield>
            <subfield code="a">Veröffentlichungen der Aargauischen Handelskammer</subfield>
            <subfield code="v">6</subfield>
         </datafield>
         <datafield tag="950" ind1=" " ind2=" ">
            <subfield code="B">SNL</subfield>
            <subfield code="P">710</subfield>
            <subfield code="E">2-</subfield>
            <subfield code="a">Aargauische Handelskammer</subfield>
         </datafield>
         <datafield tag="950" ind1=" " ind2=" ">
            <subfield code="B">SNL</subfield>
            <subfield code="P">830</subfield>
            <subfield code="E">--</subfield>
            <subfield code="a">Veröffentlichungen der Aargauischen Handelskammer</subfield>
            <subfield code="v">6</subfield>
         </datafield>
         <datafield tag="950" ind1=" " ind2=" ">
            <subfield code="B">ALEX</subfield>
            <subfield code="P">100</subfield>
            <subfield code="E">1-</subfield>
            <subfield code="a">Letsch</subfield>
            <subfield code="D">Hans</subfield>
         </datafield>
         <datafield tag="950" ind1=" " ind2=" ">
            <subfield code="B">ALEX</subfield>
            <subfield code="P">490</subfield>
            <subfield code="E">1-</subfield>
            <subfield code="a">Veröffentlichungen der Aargauischen Handelskammer</subfield>
            <subfield code="v">6</subfield>
         </datafield>
         <datafield tag="950" ind1=" " ind2=" ">
            <subfield code="B">ALEX</subfield>
            <subfield code="P">830</subfield>
            <subfield code="E">--</subfield>
            <subfield code="a">Veröffentlichungen der Aargauischen Handelskammer</subfield>
            <subfield code="v">6</subfield>
         </datafield>
         <datafield tag="950" ind1=" " ind2=" ">
            <subfield code="B">IDSSG</subfield>
            <subfield code="P">100</subfield>
            <subfield code="E">1-</subfield>
            <subfield code="a">Letsch</subfield>
            <subfield code="D">Hans</subfield>
            <subfield code="e">Verfasser</subfield>
            <subfield code="4">aut</subfield>
         </datafield>
         <datafield tag="898" ind1=" " ind2=" ">
            <subfield code="a">BK020000</subfield>
            <subfield code="b">XK020000</subfield>
            <subfield code="c">XK020000</subfield>
         </datafield>
         
         
         
         
         
         
         
         
         
         
      <datafield tag="690" ind1="H" ind2="D">
	    	<subfield code="8">YL7</subfield>
	    	<subfield code="a">Wirtschaftswissenschaften : Finanzwissenschaft. Betriebswirtschaftliche Steuerlehre : Finanzpolitik. Fiscal Policy. Finanzwirtschaft und Finanzpolitik einzelner Länder</subfield>
	    	<subfield code="2">HSG-IFF</subfield>
	    </datafield></record>