<record xmlns:xs="http://www.w3.org/2001/XMLSchema">
         <leader>     cam a22     2  4500</leader>
         <controlfield tag="001">262267942</controlfield>
         <controlfield tag="003">CHVBK</controlfield>
         <controlfield tag="005">20190201111712.0</controlfield>
         <controlfield tag="008">130817s1980    gw d          001 0 ger  </controlfield>
         <datafield tag="020" ind1=" " ind2=" ">
            <subfield code="a">3-445-02031-0</subfield>
         </datafield>
         <datafield tag="035" ind1=" " ind2=" ">
            <subfield code="a">(NEBIS)002592911</subfield>
         </datafield>
         <datafield tag="035" ind1=" " ind2=" ">
            <subfield code="a">(SNL)991007451279703976</subfield>
         </datafield>
         <datafield tag="035" ind1=" " ind2=" ">
            <subfield code="a">(IDSLU)000075821</subfield>
         </datafield>
         <datafield tag="035" ind1=" " ind2=" ">
            <subfield code="a">(RERO)R004599213</subfield>
         </datafield>
         <datafield tag="035" ind1=" " ind2=" ">
            <subfield code="a">(Sz)975976-41snl_51</subfield>
         </datafield>
         <datafield tag="035" ind1=" " ind2=" ">
            <subfield code="a">(Sz)vtls000975976</subfield>
         </datafield>
         <datafield tag="035" ind1=" " ind2=" ">
            <subfield code="a">(Sz)000975976</subfield>
         </datafield>
         <datafield tag="040" ind1=" " ind2=" ">
            <subfield code="a">Dobis/Libis UZH</subfield>
            <subfield code="d">SzZuIDS NEBIS SOZARCH</subfield>
         <subfield code="d">SzZuIDS HSG</subfield></datafield>
         <datafield tag="072" ind1=" " ind2="7">
            <subfield code="a">s1se</subfield>
            <subfield code="2">rero</subfield>
         </datafield>
         <datafield tag="100" ind1="1" ind2=" ">
            <subfield code="a">Ronzani</subfield>
            <subfield code="D">Silvio</subfield>
         </datafield>
         <datafield tag="245" ind1="1" ind2="0">
            <subfield code="a">Arbeitskräftewanderung und gesellschaftliche Entwicklung</subfield>
            <subfield code="b">Erfahrungen in Italien, in der Schweiz und in der Bundesrepublik Deutschland</subfield>
            <subfield code="c">Silvio Ronzani</subfield>
         </datafield>
         <datafield tag="260" ind1=" " ind2=" ">
            <subfield code="a">Königstein</subfield>
            <subfield code="b">Hain</subfield>
            <subfield code="c">1980</subfield>
         </datafield>
         <datafield tag="300" ind1=" " ind2=" ">
            <subfield code="a">VII, 265 S.</subfield>
            <subfield code="b">Fig., Tab.</subfield>
         </datafield>
         <datafield tag="490" ind1="1" ind2=" ">
            <subfield code="a">Schriften des Wissenschaftszentrums Berlin</subfield>
            <subfield code="v">Band 15</subfield>
            <subfield code="i">15</subfield>
            <subfield code="w">(NEBIS)000011849</subfield>
            <subfield code="9">295283319</subfield>
         </datafield>
         <datafield tag="583" ind1=" " ind2=" ">
            <subfield code="8">1900899892</subfield>
            <subfield code="a">dea</subfield>
            <subfield code="i">ps</subfield>
            <subfield code="c">NB088-2003</subfield>
            <subfield code="l">nt</subfield>
         </datafield>
         <datafield tag="650" ind1=" " ind2="7">
            <subfield code="a">Fotografie</subfield>
            <subfield code="0">(DE-588)4045895-7</subfield>
            <subfield code="2">gnd</subfield>
         </datafield>
         <datafield tag="650" ind1=" " ind2="7">
            <subfield code="a">Arbeitnehmer</subfield>
            <subfield code="0">(DE-588)4002623-1</subfield>
            <subfield code="2">gnd</subfield>
         </datafield>
         <datafield tag="650" ind1=" " ind2="7">
            <subfield code="a">Entwicklung</subfield>
            <subfield code="0">(DE-588)4113450-3</subfield>
            <subfield code="2">gnd</subfield>
         </datafield>
         <datafield tag="650" ind1=" " ind2="7">
            <subfield code="a">Gesellschaft</subfield>
            <subfield code="0">(DE-588)4020588-5</subfield>
            <subfield code="2">gnd</subfield>
         </datafield>
         <datafield tag="650" ind1=" " ind2="7">
            <subfield code="a">Migration</subfield>
            <subfield code="0">(DE-588)4120730-0</subfield>
            <subfield code="2">gnd</subfield>
         </datafield>
         <datafield tag="650" ind1=" " ind2="0">
            <subfield code="a">Labor mobility</subfield>
            <subfield code="z">Italy</subfield>
         </datafield>
         <datafield tag="650" ind1=" " ind2="0">
            <subfield code="a">Labor mobility</subfield>
            <subfield code="z">Switzerland</subfield>
         </datafield>
         <datafield tag="650" ind1=" " ind2="0">
            <subfield code="a">Labor mobility</subfield>
            <subfield code="z">Germany, West</subfield>
         </datafield>
         <datafield tag="650" ind1=" " ind2="7">
            <subfield code="a">Ausländischer Arbeitnehmer</subfield>
            <subfield code="0">(DE-588)4003743-5</subfield>
            <subfield code="2">gnd</subfield>
         </datafield>
         <datafield tag="650" ind1=" " ind2="7">
            <subfield code="a">Herkunftsland</subfield>
            <subfield code="0">(DE-588)4159599-3</subfield>
            <subfield code="2">gnd</subfield>
         </datafield>
         <datafield tag="650" ind1=" " ind2="7">
            <subfield code="a">Aufnahmeland</subfield>
            <subfield code="0">(DE-588)4490936-6</subfield>
            <subfield code="2">gnd</subfield>
         </datafield>
         <datafield tag="651" ind1=" " ind2="7">
            <subfield code="a">Deutschland (Bundesrepublik)</subfield>
            <subfield code="0">(DE-588)4011889-7</subfield>
            <subfield code="2">gnd</subfield>
         </datafield>
         <datafield tag="651" ind1=" " ind2="7">
            <subfield code="a">Italien</subfield>
            <subfield code="0">(DE-588)4027833-5</subfield>
            <subfield code="2">gnd</subfield>
         </datafield>
         <datafield tag="651" ind1=" " ind2="7">
            <subfield code="a">Schweiz</subfield>
            <subfield code="0">(DE-588)4053881-3</subfield>
            <subfield code="2">gnd</subfield>
         </datafield>
         <datafield tag="690" ind1=" " ind2="7">
            <subfield code="B">u</subfield>
            <subfield code="a">Italien / Soziales / 1975- ersch</subfield>
            <subfield code="2">idszbz Z9</subfield>
         </datafield>
         <datafield tag="690" ind1=" " ind2="7">
            <subfield code="B">u</subfield>
            <subfield code="a">J 0</subfield>
            <subfield code="d">LABOR AND DEMOGRAPHIC ECONOMICS = ARBEITSMARKTÖKONOMIE UND DEMOGRAFISCHE ÖKONOMIE. General = allgemein</subfield>
            <subfield code="2">idsuzh VJ</subfield>
         </datafield>
         <datafield tag="690" ind1=" " ind2="7">
            <subfield code="B">u</subfield>
            <subfield code="a">R 2</subfield>
            <subfield code="d">Household analysis = Haushaltanalyse</subfield>
            <subfield code="2">idsuzh VJ</subfield>
         </datafield>
         <datafield tag="690" ind1=" " ind2="7">
            <subfield code="B">u</subfield>
            <subfield code="a">O 0</subfield>
            <subfield code="d">ECONOMIC DEVELOPMENT, TECHNOLOGICAL CHANGE AND GROWTH = ENTWICKLUNGSÖKONOMIE, TECHNOLOGISCHER WANDEL UND WACHSTUM. General = allgemein</subfield>
            <subfield code="2">idsuzh VJ</subfield>
         </datafield>
         <datafield tag="690" ind1=" " ind2="7">
            <subfield code="B">u</subfield>
            <subfield code="a">Migration, B: Arbeitsmigration. Europa</subfield>
            <subfield code="2">idslu L1</subfield>
         </datafield>
         <datafield tag="690" ind1=" " ind2="7">
            <subfield code="B">u</subfield>
            <subfield code="a">Arbeitsmigration. Europa</subfield>
            <subfield code="2">idslu L1</subfield>
         </datafield>
         <datafield tag="690" ind1=" " ind2="7">
            <subfield code="B">u</subfield>
            <subfield code="a">Arbeit, B: Migration. Europa</subfield>
            <subfield code="2">idslu L1</subfield>
         </datafield>
         <datafield tag="830" ind1=" " ind2="0">
            <subfield code="a">Schriften des Wissenschaftszentrums Berlin</subfield>
            <subfield code="v">15</subfield>
         </datafield>
         <datafield tag="909" ind1=" " ind2="7">
            <subfield code="a">MedeaSOZARCH</subfield>
            <subfield code="2">nebis ER</subfield>
         </datafield>
         <datafield tag="912" ind1=" " ind2="7">
            <subfield code="a">180</subfield>
            <subfield code="2">IDS LU</subfield>
         </datafield>
         <datafield tag="950" ind1=" " ind2=" ">
            <subfield code="B">NEBIS</subfield>
            <subfield code="P">100</subfield>
            <subfield code="E">1-</subfield>
            <subfield code="a">Ronzani</subfield>
            <subfield code="D">Silvio</subfield>
         </datafield>
         <datafield tag="950" ind1=" " ind2=" ">
            <subfield code="B">NEBIS</subfield>
            <subfield code="P">490</subfield>
            <subfield code="E">--</subfield>
            <subfield code="a">Schriften des Wissenschaftszentrums Berlin</subfield>
            <subfield code="v">Band 15</subfield>
            <subfield code="i">15</subfield>
            <subfield code="w">(NEBIS)000011849</subfield>
            <subfield code="9">295283319</subfield>
         </datafield>
         <datafield tag="950" ind1=" " ind2=" ">
            <subfield code="B">SNL</subfield>
            <subfield code="P">100</subfield>
            <subfield code="E">1-</subfield>
            <subfield code="a">Ronzani</subfield>
            <subfield code="D">Silvio</subfield>
         </datafield>
         <datafield tag="950" ind1=" " ind2=" ">
            <subfield code="B">SNL</subfield>
            <subfield code="P">490</subfield>
            <subfield code="E">1-</subfield>
            <subfield code="a">Schriften des Wissenschaftszentrums Berlin</subfield>
            <subfield code="v">15</subfield>
         </datafield>
         <datafield tag="950" ind1=" " ind2=" ">
            <subfield code="B">SNL</subfield>
            <subfield code="P">830</subfield>
            <subfield code="E">--</subfield>
            <subfield code="a">Schriften des Wissenschaftszentrums Berlin</subfield>
            <subfield code="v">15</subfield>
         </datafield>
         <datafield tag="950" ind1=" " ind2=" ">
            <subfield code="B">IDSLU</subfield>
            <subfield code="P">100</subfield>
            <subfield code="E">1-</subfield>
            <subfield code="a">Ronzani</subfield>
            <subfield code="D">Silvio</subfield>
         </datafield>
         <datafield tag="950" ind1=" " ind2=" ">
            <subfield code="B">IDSLU</subfield>
            <subfield code="P">490</subfield>
            <subfield code="E">0-</subfield>
            <subfield code="a">Schriften des Wissenschaftszentrums Berlin</subfield>
            <subfield code="v">Bd. 15</subfield>
            <subfield code="i">15</subfield>
         </datafield>
         <datafield tag="950" ind1=" " ind2=" ">
            <subfield code="B">RERO</subfield>
            <subfield code="P">100</subfield>
            <subfield code="E">1-</subfield>
            <subfield code="a">Ronzani</subfield>
            <subfield code="D">Silvio</subfield>
         </datafield>
         <datafield tag="950" ind1=" " ind2=" ">
            <subfield code="B">RERO</subfield>
            <subfield code="P">490</subfield>
            <subfield code="E">1-</subfield>
            <subfield code="a">Schriften des Wissenschaftszentrums Berlin</subfield>
            <subfield code="v">Bd. 15</subfield>
         </datafield>
         <datafield tag="950" ind1=" " ind2=" ">
            <subfield code="B">RERO</subfield>
            <subfield code="P">830</subfield>
            <subfield code="E">--</subfield>
            <subfield code="a">Schriften des Wissenschaftszentrums Berlin</subfield>
            <subfield code="v">15</subfield>
         </datafield>
         <datafield tag="986" ind1=" " ind2=" ">
            <subfield code="a">SWISSBIB</subfield>
            <subfield code="b">262267942</subfield>
         </datafield>
         <datafield tag="986" ind1=" " ind2=" ">
            <subfield code="a">ORANGE</subfield>
            <subfield code="b">262267942</subfield>
         </datafield>
         <datafield tag="898" ind1=" " ind2=" ">
            <subfield code="a">BK020000</subfield>
            <subfield code="b">XK020000</subfield>
            <subfield code="c">XK020000</subfield>
         </datafield>
         
         
         
         
         
         
      <datafield tag="690" ind1="H" ind2="D">
	    	<subfield code="8">YC</subfield>
	    	<subfield code="a">Wirtschaftswissenschaften : Wirtschaftstheorie, einschliesslich Geldtheorie</subfield>
	    	<subfield code="2">HSG-IFF</subfield>
	    </datafield></record>