<record xmlns:xs="http://www.w3.org/2001/XMLSchema">
         <leader>     cam a22     5  4500</leader>
         <controlfield tag="001">285159607</controlfield>
         <controlfield tag="003">CHVBK</controlfield>
         <controlfield tag="005">20181117101551.0</controlfield>
         <controlfield tag="008">130819s2000    gw       m    00    ger  </controlfield>
         <datafield tag="015" ind1=" " ind2=" ">
            <subfield code="a">GFR-CIP-99,N49,0336</subfield>
         </datafield>
         <datafield tag="015" ind1=" " ind2=" ">
            <subfield code="a">DNB-00,A13,0567</subfield>
            <subfield code="2">dnb</subfield>
         </datafield>
         <datafield tag="016" ind1="7" ind2=" ">
            <subfield code="a">957669275</subfield>
            <subfield code="2">GyFmDB</subfield>
         </datafield>
         <datafield tag="020" ind1=" " ind2=" ">
            <subfield code="a">3-631-35739-7</subfield>
            <subfield code="c">kart.</subfield>
         </datafield>
         <datafield tag="035" ind1=" " ind2=" ">
            <subfield code="a">(NEBIS)003917064</subfield>
         </datafield>
         <datafield tag="035" ind1=" " ind2=" ">
            <subfield code="a">(SNL)991004265999703976</subfield>
         </datafield>
         <datafield tag="035" ind1=" " ind2=" ">
            <subfield code="a">(Sz)1241963-41snl_51</subfield>
         </datafield>
         <datafield tag="035" ind1=" " ind2=" ">
            <subfield code="a">(Sz)vtls001241963</subfield>
         </datafield>
         <datafield tag="035" ind1=" " ind2=" ">
            <subfield code="a">(Sz)001241963</subfield>
         </datafield>
         <datafield tag="040" ind1=" " ind2=" ">
            <subfield code="a">DDB</subfield>
            <subfield code="d">IDS NEBIS ZBZ</subfield>
         <subfield code="d">SzZuIDS HSG</subfield></datafield>
         <datafield tag="082" ind1="0" ind2="4">
            <subfield code="a">343.4305/2662</subfield>
            <subfield code="2">21</subfield>
         </datafield>
         <datafield tag="100" ind1="1" ind2=" ">
            <subfield code="a">Glessner</subfield>
            <subfield code="D">Miriam</subfield>
         </datafield>
         <datafield tag="245" ind1="1" ind2="4">
            <subfield code="a">Die grenzüberschreitende stille Gesellschaft im internationalen Steuerrecht</subfield>
            <subfield code="b">einkommen- und körperschaftsteuerliche Wirkungen aus deutscher Sicht</subfield>
            <subfield code="c">Miriam Glessner</subfield>
         </datafield>
         <datafield tag="260" ind1=" " ind2=" ">
            <subfield code="a">Frankfurt am Main</subfield>
            <subfield code="b">Lang</subfield>
            <subfield code="c">2000</subfield>
         </datafield>
         <datafield tag="300" ind1=" " ind2=" ">
            <subfield code="a">XXII, 369 S.</subfield>
            <subfield code="b">Ill.</subfield>
            <subfield code="c">21 cm</subfield>
         </datafield>
         <datafield tag="490" ind1="1" ind2=" ">
            <subfield code="a">Europäische Hochschulschriften. Reihe 5, Volks- und Betriebswirtschaft</subfield>
            <subfield code="v">Bd. 2565</subfield>
            <subfield code="i">2565</subfield>
            <subfield code="w">(NEBIS)000058244</subfield>
            <subfield code="9">512125953</subfield>
         </datafield>
         <datafield tag="500" ind1=" " ind2=" ">
            <subfield code="a">Zugleich: Diss. Saarbrücken, 1999</subfield>
         </datafield>
         <datafield tag="502" ind1=" " ind2=" ">
            <subfield code="a">Zugl.: Diss. Univ. Saarbrücken, 1999</subfield>
         </datafield>
         <datafield tag="504" ind1=" " ind2=" ">
            <subfield code="a">Literaturverz.</subfield>
         </datafield>
         <datafield tag="583" ind1=" " ind2=" ">
            <subfield code="8">1901160457</subfield>
            <subfield code="a">wne</subfield>
         </datafield>
         <datafield tag="650" ind1=" " ind2="7">
            <subfield code="a">Internationales Steuerrecht</subfield>
            <subfield code="0">(DE-588)4027451-2</subfield>
            <subfield code="2">gnd</subfield>
         </datafield>
         <datafield tag="650" ind1=" " ind2="7">
            <subfield code="a">Stille Gesellschaft</subfield>
            <subfield code="0">(DE-588)4133620-3</subfield>
            <subfield code="2">gnd</subfield>
         </datafield>
         <datafield tag="650" ind1=" " ind2="0">
            <subfield code="a">Aliens</subfield>
            <subfield code="x">Taxation</subfield>
            <subfield code="x">Law and legislation</subfield>
            <subfield code="z">Germany</subfield>
         </datafield>
         <datafield tag="650" ind1=" " ind2="0">
            <subfield code="a">Income tax</subfield>
            <subfield code="z">Germany</subfield>
            <subfield code="x">Foreign income</subfield>
         </datafield>
         <datafield tag="650" ind1=" " ind2="0">
            <subfield code="a">Silent partners</subfield>
            <subfield code="x">Taxation</subfield>
            <subfield code="z">Germany</subfield>
         </datafield>
         <datafield tag="651" ind1=" " ind2="7">
            <subfield code="a">Deutschland</subfield>
            <subfield code="0">(DE-588)4011882-4</subfield>
            <subfield code="2">gnd</subfield>
         </datafield>
         <datafield tag="691" ind1=" " ind2="7">
            <subfield code="a">sb</subfield>
            <subfield code="b">2000/07</subfield>
            <subfield code="c">05.1</subfield>
            <subfield code="2">snl-sb</subfield>
         </datafield>
         <datafield tag="830" ind1=" " ind2="0">
            <subfield code="a">Europäische Hochschulschriften</subfield>
            <subfield code="n">Reihe 05</subfield>
            <subfield code="p">Volks- und Betriebswirtschaft</subfield>
            <subfield code="v">2565</subfield>
         </datafield>
         <datafield tag="908" ind1=" " ind2=" ">
            <subfield code="D">1</subfield>
            <subfield code="a">Hochschulschrift = Thèse/Mémoire</subfield>
         </datafield>
         <datafield tag="909" ind1=" " ind2="7">
            <subfield code="a">zbzmon200102f</subfield>
            <subfield code="c">eich</subfield>
            <subfield code="d">zbzswk200102k</subfield>
            <subfield code="e">bruu</subfield>
            <subfield code="2">idszbz Z2</subfield>
         </datafield>
         <datafield tag="912" ind1=" " ind2="7">
            <subfield code="a">M106</subfield>
            <subfield code="2">Z01</subfield>
         </datafield>
         <datafield tag="950" ind1=" " ind2=" ">
            <subfield code="B">NEBIS</subfield>
            <subfield code="P">100</subfield>
            <subfield code="E">1-</subfield>
            <subfield code="a">Glessner</subfield>
            <subfield code="D">Miriam</subfield>
         </datafield>
         <datafield tag="950" ind1=" " ind2=" ">
            <subfield code="B">NEBIS</subfield>
            <subfield code="P">490</subfield>
            <subfield code="E">--</subfield>
            <subfield code="a">Europäische Hochschulschriften. Reihe 5, Volks- und Betriebswirtschaft</subfield>
            <subfield code="v">Bd. 2565</subfield>
            <subfield code="i">2565</subfield>
            <subfield code="w">(NEBIS)000058244</subfield>
            <subfield code="9">512125953</subfield>
         </datafield>
         <datafield tag="950" ind1=" " ind2=" ">
            <subfield code="B">SNL</subfield>
            <subfield code="P">100</subfield>
            <subfield code="E">1-</subfield>
            <subfield code="a">Glessner</subfield>
            <subfield code="D">Miriam</subfield>
         </datafield>
         <datafield tag="950" ind1=" " ind2=" ">
            <subfield code="B">SNL</subfield>
            <subfield code="P">490</subfield>
            <subfield code="E">1-</subfield>
            <subfield code="a">Europäische Hochschulschriften. Reihe 5, Volks- und Betriebswirtschaft</subfield>
            <subfield code="x">0531-7339</subfield>
            <subfield code="v">Bd. 2565</subfield>
         </datafield>
         <datafield tag="950" ind1=" " ind2=" ">
            <subfield code="B">SNL</subfield>
            <subfield code="P">830</subfield>
            <subfield code="E">--</subfield>
            <subfield code="a">Europäische Hochschulschriften</subfield>
            <subfield code="n">Reihe 05</subfield>
            <subfield code="p">Volks- und Betriebswirtschaft</subfield>
            <subfield code="v">2565</subfield>
         </datafield>
         <datafield tag="986" ind1=" " ind2=" ">
            <subfield code="a">SWISSBIB</subfield>
            <subfield code="b">285159607</subfield>
         </datafield>
         <datafield tag="898" ind1=" " ind2=" ">
            <subfield code="a">BK020300</subfield>
            <subfield code="b">XK020000</subfield>
            <subfield code="c">XK020000</subfield>
         </datafield>
         
         
      <datafield tag="690" ind1="H" ind2="D">
	    	<subfield code="8">LD</subfield>
	    	<subfield code="a">Interkantonales/Internationales Steuerrecht : Deutschland</subfield>
	    	<subfield code="2">HSG-IFF</subfield>
	    </datafield></record>