<record xmlns:xs="http://www.w3.org/2001/XMLSchema">
         <leader>     cam a22     u  4500</leader>
         <controlfield tag="001">279337175</controlfield>
         <controlfield tag="003">CHVBK</controlfield>
         <controlfield tag="005">20181127081909.0</controlfield>
         <controlfield tag="008">130818s1970    gw     |      00   |ger|d</controlfield>
         <datafield tag="035" ind1=" " ind2=" ">
            <subfield code="a">(NEBIS)000901767</subfield>
         </datafield>
         <datafield tag="035" ind1=" " ind2=" ">
            <subfield code="a">(RERO)1401399</subfield>
         </datafield>
         <datafield tag="040" ind1=" " ind2=" ">
            <subfield code="a">ETH-BWI</subfield>
            <subfield code="b">ger</subfield>
            <subfield code="c">ETH-BIB</subfield>
            <subfield code="e">ETHICS-ISBD</subfield>
         <subfield code="d">SzZuIDS HSG</subfield></datafield>
         <datafield tag="072" ind1=" " ind2="7">
            <subfield code="a">s1se</subfield>
            <subfield code="2">rero</subfield>
         </datafield>
         <datafield tag="245" ind1="0" ind2="0">
            <subfield code="a">Cost-benefit-analysis als Lenkungsinstrument öffentlicher Investitionen im Verkehr</subfield>
            <subfield code="c">von Hanspeter Georgi</subfield>
         </datafield>
         <datafield tag="260" ind1=" " ind2=" ">
            <subfield code="a">Göttingen</subfield>
            <subfield code="b">Vandenhoeck &amp; Ruprecht</subfield>
            <subfield code="c">cop. 1970</subfield>
         </datafield>
         <datafield tag="300" ind1=" " ind2=" ">
            <subfield code="a">237 S.</subfield>
            <subfield code="c">25 cm</subfield>
            <subfield code="b">Ill.</subfield>
         </datafield>
         <datafield tag="490" ind1="1" ind2=" ">
            <subfield code="a">Forschungen aus dem Institut für Verkehrswissenschaft an der Universität Münster</subfield>
            <subfield code="v">Band 17</subfield>
            <subfield code="i">17</subfield>
            <subfield code="w">(NEBIS)000061021</subfield>
            <subfield code="9">289982073</subfield>
         </datafield>
         <datafield tag="504" ind1=" " ind2=" ">
            <subfield code="a">Bibliogr.: p. 228-237</subfield>
         </datafield>
         <datafield tag="650" ind1=" " ind2="7">
            <subfield code="a">Transport</subfield>
            <subfield code="2">rero</subfield>
         </datafield>
         <datafield tag="650" ind1=" " ind2="7">
            <subfield code="a">Coût-efficacité</subfield>
            <subfield code="2">rero</subfield>
         </datafield>
         <datafield tag="690" ind1=" " ind2="7">
            <subfield code="B">u</subfield>
            <subfield code="a">D 6</subfield>
            <subfield code="d">Welfare economics = Wohlfahrtsökonomie</subfield>
            <subfield code="2">idsuzh VJ</subfield>
         </datafield>
         <datafield tag="690" ind1=" " ind2="7">
            <subfield code="B">u</subfield>
            <subfield code="a">H 5</subfield>
            <subfield code="d">National government expenditures and related policies = Staatsausgaben und dazugehörige Politikprogramme</subfield>
            <subfield code="2">idsuzh VJ</subfield>
         </datafield>
         <datafield tag="690" ind1=" " ind2="7">
            <subfield code="B">u</subfield>
            <subfield code="a">R 4</subfield>
            <subfield code="d">Transportation systems = Transportsysteme</subfield>
            <subfield code="2">idsuzh VJ</subfield>
         </datafield>
         <datafield tag="691" ind1=" " ind2="7">
            <subfield code="B">u</subfield>
            <subfield code="a">KOSTEN-NUTZEN-ANALYSE (WIRTSCHAFT)</subfield>
            <subfield code="z">ger</subfield>
            <subfield code="u">330,031.5</subfield>
            <subfield code="2">nebis E1</subfield>
         </datafield>
         <datafield tag="691" ind1=" " ind2="7">
            <subfield code="B">u</subfield>
            <subfield code="a">VERKEHRSPLANUNG (VERKEHR UND TRANSPORT)</subfield>
            <subfield code="z">ger</subfield>
            <subfield code="u">656.01</subfield>
            <subfield code="2">nebis E1</subfield>
         </datafield>
         <datafield tag="691" ind1=" " ind2="7">
            <subfield code="B">u</subfield>
            <subfield code="a">INVESTITIONSPOLITIK</subfield>
            <subfield code="z">ger</subfield>
            <subfield code="u">338.23%330.322</subfield>
            <subfield code="2">nebis E1</subfield>
         </datafield>
         <datafield tag="691" ind1=" " ind2="7">
            <subfield code="B">u</subfield>
            <subfield code="a">INVESTITIONSPLANUNG</subfield>
            <subfield code="z">ger</subfield>
            <subfield code="u">330,09.042</subfield>
            <subfield code="2">nebis E1</subfield>
         </datafield>
         <datafield tag="691" ind1=" " ind2="7">
            <subfield code="B">u</subfield>
            <subfield code="a">COST-BENEFIT ANALYSIS (ECONOMY)</subfield>
            <subfield code="z">eng</subfield>
            <subfield code="u">330,031.5</subfield>
            <subfield code="2">nebis E1</subfield>
         </datafield>
         <datafield tag="691" ind1=" " ind2="7">
            <subfield code="B">u</subfield>
            <subfield code="a">ANALYSE COÛT-AVANTAGE (ÉCONOMIE)</subfield>
            <subfield code="z">fre</subfield>
            <subfield code="u">330,031.5</subfield>
            <subfield code="2">nebis E1</subfield>
         </datafield>
         <datafield tag="691" ind1=" " ind2="7">
            <subfield code="B">u</subfield>
            <subfield code="a">TRANSPORT PLANNING (TRANSPORTATION AND TRAFFIC)</subfield>
            <subfield code="z">eng</subfield>
            <subfield code="u">656.01</subfield>
            <subfield code="2">nebis E1</subfield>
         </datafield>
         <datafield tag="691" ind1=" " ind2="7">
            <subfield code="B">u</subfield>
            <subfield code="a">PLANIFICATION DU TRAFIC (TRANSPORTS ET TRAFIC)</subfield>
            <subfield code="z">fre</subfield>
            <subfield code="u">656.01</subfield>
            <subfield code="2">nebis E1</subfield>
         </datafield>
         <datafield tag="691" ind1=" " ind2="7">
            <subfield code="B">u</subfield>
            <subfield code="a">INVESTMENT POLICY</subfield>
            <subfield code="z">eng</subfield>
            <subfield code="u">338.23%330.322</subfield>
            <subfield code="2">nebis E1</subfield>
         </datafield>
         <datafield tag="691" ind1=" " ind2="7">
            <subfield code="B">u</subfield>
            <subfield code="a">POLITIQUE D'INVESTISSEMENTS</subfield>
            <subfield code="z">fre</subfield>
            <subfield code="u">338.23%330.322</subfield>
            <subfield code="2">nebis E1</subfield>
         </datafield>
         <datafield tag="691" ind1=" " ind2="7">
            <subfield code="B">u</subfield>
            <subfield code="a">INVESTMENT PLANNING</subfield>
            <subfield code="z">eng</subfield>
            <subfield code="u">330,09.042</subfield>
            <subfield code="2">nebis E1</subfield>
         </datafield>
         <datafield tag="691" ind1=" " ind2="7">
            <subfield code="B">u</subfield>
            <subfield code="a">PLANIFICATION DES INVESTISSEMENTS</subfield>
            <subfield code="z">fre</subfield>
            <subfield code="u">330,09.042</subfield>
            <subfield code="2">nebis E1</subfield>
         </datafield>
         <datafield tag="700" ind1="1" ind2=" ">
            <subfield code="a">Georgi</subfield>
            <subfield code="D">Hanspeter</subfield>
         </datafield>
         <datafield tag="830" ind1=" " ind2="0">
            <subfield code="a">Forschungen aus dem Institut fuer Verkehrswissenschaft an der Universitaet Muenster</subfield>
            <subfield code="v">17</subfield>
         </datafield>
         <datafield tag="950" ind1=" " ind2=" ">
            <subfield code="B">NEBIS</subfield>
            <subfield code="P">490</subfield>
            <subfield code="E">--</subfield>
            <subfield code="a">Forschungen aus dem Institut für Verkehrswissenschaft an der Universität Münster</subfield>
            <subfield code="v">Band 17</subfield>
            <subfield code="i">17</subfield>
            <subfield code="w">(NEBIS)000061021</subfield>
            <subfield code="9">289982073</subfield>
         </datafield>
         <datafield tag="950" ind1=" " ind2=" ">
            <subfield code="B">NEBIS</subfield>
            <subfield code="P">700</subfield>
            <subfield code="E">1-</subfield>
            <subfield code="a">Georgi</subfield>
            <subfield code="D">Hanspeter</subfield>
         </datafield>
         <datafield tag="950" ind1=" " ind2=" ">
            <subfield code="B">RERO</subfield>
            <subfield code="P">100</subfield>
            <subfield code="E">1-</subfield>
            <subfield code="a">Georgi</subfield>
            <subfield code="D">Hanspeter</subfield>
         </datafield>
         <datafield tag="950" ind1=" " ind2=" ">
            <subfield code="B">RERO</subfield>
            <subfield code="P">490</subfield>
            <subfield code="E">1-</subfield>
            <subfield code="a">Forschungen aus dem Institut fuer Verkehrswissenschaft an der Universität Münster</subfield>
            <subfield code="v">Bd 17</subfield>
         </datafield>
         <datafield tag="950" ind1=" " ind2=" ">
            <subfield code="B">RERO</subfield>
            <subfield code="P">830</subfield>
            <subfield code="E">--</subfield>
            <subfield code="a">Forschungen aus dem Institut fuer Verkehrswissenschaft an der Universitaet Muenster</subfield>
            <subfield code="v">17</subfield>
         </datafield>
         <datafield tag="986" ind1=" " ind2=" ">
            <subfield code="a">SWISSBIB</subfield>
            <subfield code="b">042063647</subfield>
         </datafield>
         <datafield tag="898" ind1=" " ind2=" ">
            <subfield code="a">BK020000</subfield>
            <subfield code="b">XK020000</subfield>
            <subfield code="c">XK020000</subfield>
         </datafield>
         
         
         
      <datafield tag="690" ind1="H" ind2="D">
	    	<subfield code="8">YL7</subfield>
	    	<subfield code="a">Wirtschaftswissenschaften : Finanzwissenschaft. Betriebswirtschaftliche Steuerlehre : Finanzpolitik. Fiscal Policy. Finanzwirtschaft und Finanzpolitik einzelner Länder</subfield>
	    	<subfield code="2">HSG-IFF</subfield>
	    </datafield></record>