<record xmlns:xs="http://www.w3.org/2001/XMLSchema">
         <leader>     cam a22     u  4500</leader>
         <controlfield tag="001">29612608X</controlfield>
         <controlfield tag="003">CHVBK</controlfield>
         <controlfield tag="005">20190220081112.0</controlfield>
         <controlfield tag="008">131020s1983    sz |||||||||| 00   |ger d</controlfield>
         <datafield tag="035" ind1=" " ind2=" ">
            <subfield code="a">(IDSBB)001538559</subfield>
         </datafield>
         <datafield tag="035" ind1=" " ind2=" ">
            <subfield code="a">(NEBIS)000298557</subfield>
         </datafield>
         <datafield tag="040" ind1=" " ind2=" ">
            <subfield code="a">SzZuIDS BS/BE A125</subfield>
            <subfield code="b">ger</subfield>
            <subfield code="e">kids</subfield>
         <subfield code="d">SzZuIDS HSG</subfield></datafield>
         <datafield tag="245" ind1="0" ind2="0">
            <subfield code="a">Schweizerische Nationalbank</subfield>
            <subfield code="b">Banque Nationale Suisse = Banca Nazionale Svizzera : Aufgaben, Instrumente, Organisation</subfield>
         </datafield>
         <datafield tag="264" ind1=" " ind2="1">
            <subfield code="a">Zürich</subfield>
            <subfield code="b">Schweizerische Nationalbank</subfield>
            <subfield code="c">1983</subfield>
         </datafield>
         <datafield tag="300" ind1=" " ind2=" ">
            <subfield code="a">1 Bd.</subfield>
            <subfield code="c">21 cm</subfield>
         </datafield>
         <datafield tag="691" ind1=" " ind2="7">
            <subfield code="B">u</subfield>
            <subfield code="a">NATIONALBANKEN + ZENTRALBANKEN</subfield>
            <subfield code="z">ger</subfield>
            <subfield code="u">336,041.05</subfield>
            <subfield code="2">nebis E1</subfield>
         </datafield>
         <datafield tag="691" ind1=" " ind2="7">
            <subfield code="B">u</subfield>
            <subfield code="a">SCHWEIZ (MITTELEUROPA). SCHWEIZERISCHE EIDGENOSSENSCHAFT</subfield>
            <subfield code="z">ger</subfield>
            <subfield code="u">(494)</subfield>
            <subfield code="2">nebis E1</subfield>
         </datafield>
         <datafield tag="691" ind1=" " ind2="7">
            <subfield code="B">u</subfield>
            <subfield code="a">NATIONAL BANKS + CENTRAL BANKS</subfield>
            <subfield code="z">eng</subfield>
            <subfield code="u">336,041.05</subfield>
            <subfield code="2">nebis E1</subfield>
         </datafield>
         <datafield tag="691" ind1=" " ind2="7">
            <subfield code="B">u</subfield>
            <subfield code="a">BANQUES NATIONALES + BANQUES CENTRALES</subfield>
            <subfield code="z">fre</subfield>
            <subfield code="u">336,041.05</subfield>
            <subfield code="2">nebis E1</subfield>
         </datafield>
         <datafield tag="691" ind1=" " ind2="7">
            <subfield code="B">u</subfield>
            <subfield code="a">SUISSE (EUROPE CENTRALE). CONFÉDÉRATION SUISSE</subfield>
            <subfield code="z">fre</subfield>
            <subfield code="u">(494)</subfield>
            <subfield code="2">nebis E1</subfield>
         </datafield>
         <datafield tag="691" ind1=" " ind2="7">
            <subfield code="B">u</subfield>
            <subfield code="a">SWITZERLAND (CENTRAL EUROPE). SWISS CONFEDERATION</subfield>
            <subfield code="z">eng</subfield>
            <subfield code="u">(494)</subfield>
            <subfield code="2">nebis E1</subfield>
         </datafield>
         <datafield tag="710" ind1="2" ind2=" ">
            <subfield code="a">Schweizerische Nationalbank</subfield>
            <subfield code="0">(DE-588)37904-9</subfield>
         </datafield>
         <datafield tag="898" ind1=" " ind2=" ">
            <subfield code="a">BK020000</subfield>
            <subfield code="b">XK020000</subfield>
            <subfield code="c">XK020000</subfield>
         </datafield>
         <datafield tag="912" ind1=" " ind2="7">
            <subfield code="a">wi</subfield>
            <subfield code="2">SzZuIDS BS/BE</subfield>
         </datafield>
         
         
         <datafield tag="950" ind1=" " ind2=" ">
            <subfield code="B">IDSBB</subfield>
            <subfield code="P">710</subfield>
            <subfield code="E">2-</subfield>
            <subfield code="a">Schweizerische Nationalbank</subfield>
            <subfield code="0">(DE-588)37904-9</subfield>
         </datafield>
         <datafield tag="950" ind1=" " ind2=" ">
            <subfield code="B">NEBIS</subfield>
            <subfield code="P">710</subfield>
            <subfield code="E">2-</subfield>
            <subfield code="a">Schweizerische Nationalbank</subfield>
            <subfield code="0">(DE-588)37904-9</subfield>
         </datafield>
         <datafield tag="986" ind1=" " ind2=" ">
            <subfield code="a">SWISSBIB</subfield>
            <subfield code="b">019912536</subfield>
         </datafield>
      <datafield tag="690" ind1="H" ind2="D">
	    	<subfield code="8">YR</subfield>
	    	<subfield code="a">Wirtschaftswissenschaften : Gewerbepolitik. Einzelne Wirtschaftszweige</subfield>
	    	<subfield code="2">HSG-IFF</subfield>
	    </datafield></record>