<record xmlns:xs="http://www.w3.org/2001/XMLSchema">
         <leader>     cam a22     2  4500</leader>
         <controlfield tag="001">270159258</controlfield>
         <controlfield tag="003">CHVBK</controlfield>
         <controlfield tag="005">20181122204408.0</controlfield>
         <controlfield tag="008">130817s1969    sz            00    ger|d</controlfield>
         <datafield tag="035" ind1=" " ind2=" ">
            <subfield code="a">(NEBIS)006232638</subfield>
         </datafield>
         <datafield tag="035" ind1=" " ind2=" ">
            <subfield code="a">(SNL)991009821449703976</subfield>
         </datafield>
         <datafield tag="035" ind1=" " ind2=" ">
            <subfield code="a">(SLB)vtls000262027</subfield>
         </datafield>
         <datafield tag="035" ind1=" " ind2=" ">
            <subfield code="a">(Sz)262027-41snl_51</subfield>
         </datafield>
         <datafield tag="035" ind1=" " ind2=" ">
            <subfield code="a">(Sz)vtls000262027</subfield>
         </datafield>
         <datafield tag="035" ind1=" " ind2=" ">
            <subfield code="a">(Sz)000262027</subfield>
         </datafield>
         <datafield tag="040" ind1=" " ind2=" ">
            <subfield code="a">SLB</subfield>
            <subfield code="d">SzZuIDS NEBIS ZBZ</subfield>
         <subfield code="d">SzZuIDS HSG</subfield></datafield>
         <datafield tag="100" ind1="1" ind2=" ">
            <subfield code="a">Fritzsche</subfield>
            <subfield code="D">Bruno</subfield>
            <subfield code="d">1935-2009</subfield>
            <subfield code="0">(DE-588)170359557</subfield>
         </datafield>
         <datafield tag="245" ind1="1" ind2="4">
            <subfield code="a">Die Schweiz zwischen Tradition und Fortschritt</subfield>
            <subfield code="b">das Problem der Überfremdung aus der Sicht des Historikers</subfield>
            <subfield code="c">Bruno Fritzsche</subfield>
         </datafield>
         <datafield tag="260" ind1=" " ind2=" ">
            <subfield code="a">Zürich</subfield>
            <subfield code="b">Wirtschaftsförderung</subfield>
            <subfield code="c">1969</subfield>
         </datafield>
         <datafield tag="300" ind1=" " ind2=" ">
            <subfield code="a">10 S.</subfield>
         </datafield>
         <datafield tag="490" ind1="1" ind2=" ">
            <subfield code="a">Wirtschaftspolitische Mitteilungen</subfield>
            <subfield code="v">25,10</subfield>
            <subfield code="i">25/10</subfield>
            <subfield code="w">(NEBIS)000978199</subfield>
            <subfield code="9">275369439</subfield>
         </datafield>
         <datafield tag="583" ind1=" " ind2=" ">
            <subfield code="8">1900212901</subfield>
            <subfield code="a">dea</subfield>
            <subfield code="i">ps</subfield>
            <subfield code="c">NB104-2006</subfield>
            <subfield code="l">nt</subfield>
         </datafield>
         <datafield tag="650" ind1=" " ind2="0">
            <subfield code="a">National characteristics, Swiss</subfield>
         </datafield>
         <datafield tag="651" ind1=" " ind2="0">
            <subfield code="a">Switzerland</subfield>
            <subfield code="x">Emigration and immigration</subfield>
         </datafield>
         <datafield tag="690" ind1=" " ind2="7">
            <subfield code="B">u</subfield>
            <subfield code="a">Schweiz / Geschichte / Einzelne Fragen</subfield>
            <subfield code="2">idszbz Z9</subfield>
         </datafield>
         <datafield tag="690" ind1=" " ind2="7">
            <subfield code="B">u</subfield>
            <subfield code="a">Überfremdung</subfield>
            <subfield code="2">idszbz Z9</subfield>
         </datafield>
         <datafield tag="830" ind1=" " ind2="0">
            <subfield code="a">Wirtschaftspolitische Mitteilungen</subfield>
            <subfield code="v">25, 10</subfield>
         </datafield>
         <datafield tag="909" ind1=" " ind2="7">
            <subfield code="a">MedeaZBZ</subfield>
            <subfield code="b">ZS-Signatur</subfield>
            <subfield code="2">idszbz ZR</subfield>
         </datafield>
         <datafield tag="950" ind1=" " ind2=" ">
            <subfield code="B">NEBIS</subfield>
            <subfield code="P">100</subfield>
            <subfield code="E">1-</subfield>
            <subfield code="a">Fritzsche</subfield>
            <subfield code="D">Bruno</subfield>
            <subfield code="d">1935-2009</subfield>
            <subfield code="0">(DE-588)170359557</subfield>
         </datafield>
         <datafield tag="950" ind1=" " ind2=" ">
            <subfield code="B">NEBIS</subfield>
            <subfield code="P">490</subfield>
            <subfield code="E">--</subfield>
            <subfield code="a">Wirtschaftspolitische Mitteilungen</subfield>
            <subfield code="v">25,10</subfield>
            <subfield code="i">25/10</subfield>
            <subfield code="w">(NEBIS)000978199</subfield>
            <subfield code="9">275369439</subfield>
         </datafield>
         <datafield tag="950" ind1=" " ind2=" ">
            <subfield code="B">SNL</subfield>
            <subfield code="P">100</subfield>
            <subfield code="E">1-</subfield>
            <subfield code="a">Fritzsche</subfield>
            <subfield code="D">Bruno</subfield>
            <subfield code="d">1935-2009</subfield>
            <subfield code="0">(DE-588)170359557</subfield>
         </datafield>
         <datafield tag="950" ind1=" " ind2=" ">
            <subfield code="B">SNL</subfield>
            <subfield code="P">490</subfield>
            <subfield code="E">1-</subfield>
            <subfield code="a">Wirtschaftspolitische Mitteilungen</subfield>
            <subfield code="v">25, 10</subfield>
         </datafield>
         <datafield tag="950" ind1=" " ind2=" ">
            <subfield code="B">SNL</subfield>
            <subfield code="P">710</subfield>
            <subfield code="E">2-</subfield>
            <subfield code="a">Gesellschaft zur Förderung der Schweizerischen Wirtschaft</subfield>
            <subfield code="0">(DE-588)2072630-2</subfield>
         </datafield>
         <datafield tag="950" ind1=" " ind2=" ">
            <subfield code="B">SNL</subfield>
            <subfield code="P">830</subfield>
            <subfield code="E">--</subfield>
            <subfield code="a">Wirtschaftspolitische Mitteilungen</subfield>
            <subfield code="v">25, 10</subfield>
         </datafield>
         <datafield tag="986" ind1=" " ind2=" ">
            <subfield code="a">SWISSBIB</subfield>
            <subfield code="b">047067020</subfield>
         </datafield>
         <datafield tag="986" ind1=" " ind2=" ">
            <subfield code="a">ORANGE</subfield>
            <subfield code="b">270159258</subfield>
         </datafield>
         <datafield tag="898" ind1=" " ind2=" ">
            <subfield code="a">BK020000</subfield>
            <subfield code="b">XK020000</subfield>
            <subfield code="c">XK020000</subfield>
         </datafield>
         
         
      <datafield tag="690" ind1="H" ind2="D">
	    	<subfield code="8">YN</subfield>
	    	<subfield code="a">Wirtschaftswissenschaften : Konjunkturschwankungen, Stabilitätspolitik</subfield>
	    	<subfield code="2">HSG-IFF</subfield>
	    </datafield></record>