<record xmlns:xs="http://www.w3.org/2001/XMLSchema">
         <leader>     nam a22     2  4500</leader>
         <controlfield tag="001">422928429</controlfield>
         <controlfield tag="003">CHVBK</controlfield>
         <controlfield tag="005">20170123213301.0</controlfield>
         <controlfield tag="008">170123s1969    ne            00    eng|d</controlfield>
         <datafield tag="035" ind1=" " ind2=" ">
            <subfield code="a">(NEBIS)003266170</subfield>
         </datafield>
         <datafield tag="035" ind1=" " ind2=" ">
            <subfield code="a">(VAUD)991009798529702852</subfield>
         </datafield>
         <datafield tag="035" ind1=" " ind2=" ">
            <subfield code="a">(RERO)vtls000191510</subfield>
         </datafield>
         <datafield tag="035" ind1=" " ind2=" ">
            <subfield code="a">(RNV)000191510-41bculausa_network</subfield>
         </datafield>
         <datafield tag="035" ind1=" " ind2=" ">
            <subfield code="a">(RERO)000191510</subfield>
         </datafield>
         <datafield tag="035" ind1=" " ind2=" ">
            <subfield code="a">0198660</subfield>
         </datafield>
         <datafield tag="035" ind1=" " ind2=" ">
            <subfield code="a">(EXLNZ-41BCULAUSA_NETWORK)991007016409702851</subfield>
         </datafield>
         <datafield tag="040" ind1=" " ind2=" ">
            <subfield code="a">RERO</subfield>
            <subfield code="d">SzZuIDS NEBIS ZBZ</subfield>
         <subfield code="d">SzZuIDS HSG</subfield></datafield>
         <datafield tag="072" ind1=" " ind2="7">
            <subfield code="a">s1se</subfield>
            <subfield code="2">rero</subfield>
         </datafield>
         <datafield tag="082" ind1="0" ind2="4">
            <subfield code="a">330/.01/5195</subfield>
            <subfield code="2">20</subfield>
         </datafield>
         <datafield tag="082" ind1="0" ind2=" ">
            <subfield code="a">338.542</subfield>
            <subfield code="2">22</subfield>
         </datafield>
         <datafield tag="100" ind1="1" ind2=" ">
            <subfield code="a">Klein</subfield>
            <subfield code="D">Lawrence Robert</subfield>
            <subfield code="d">1920-2013</subfield>
            <subfield code="0">(DE-588)119283271</subfield>
         </datafield>
         <datafield tag="245" ind1="1" ind2="3">
            <subfield code="a">An econometric model of the United States 1929-1952</subfield>
            <subfield code="c">by L. R. Klein and A. S. Goldberger</subfield>
         </datafield>
         <datafield tag="260" ind1=" " ind2=" ">
            <subfield code="a">Amsterdam</subfield>
            <subfield code="b">North-Holland</subfield>
            <subfield code="c">1969</subfield>
         </datafield>
         <datafield tag="300" ind1=" " ind2=" ">
            <subfield code="a">165 p.</subfield>
            <subfield code="b">Ill.</subfield>
         </datafield>
         <datafield tag="490" ind1="1" ind2=" ">
            <subfield code="a">Contributions to economic analysis</subfield>
            <subfield code="v">9</subfield>
            <subfield code="i">9</subfield>
            <subfield code="w">(NEBIS)000026377</subfield>
            <subfield code="9">12667275X</subfield>
         </datafield>
         <datafield tag="583" ind1=" " ind2=" ">
            <subfield code="5">labcud SDA 7271</subfield>
            <subfield code="z">3</subfield>
         </datafield>
         <datafield tag="600" ind1="1" ind2="0">
            <subfield code="a">Klein, Lawrence Robert</subfield>
         </datafield>
         <datafield tag="600" ind1="1" ind2="0">
            <subfield code="a">Klein, Lawrence Robert</subfield>
            <subfield code="v">Bibliography</subfield>
         </datafield>
         <datafield tag="650" ind1=" " ind2="0">
            <subfield code="a">Econometrics</subfield>
         </datafield>
         <datafield tag="650" ind1=" " ind2="0">
            <subfield code="a">Economics</subfield>
         </datafield>
         <datafield tag="650" ind1=" " ind2="0">
            <subfield code="a">Financial crises</subfield>
         </datafield>
         <datafield tag="650" ind1=" " ind2="7">
            <subfield code="a">économie</subfield>
            <subfield code="x">modèle mathématique</subfield>
            <subfield code="x">* économétrie</subfield>
            <subfield code="z">Etats-Unis</subfield>
            <subfield code="y">1929 / 1952</subfield>
            <subfield code="2">chrero</subfield>
         </datafield>
         <datafield tag="690" ind1=" " ind2="7">
            <subfield code="B">u</subfield>
            <subfield code="a">USA / Wirtschaft / Geschichte / Einzelne Zeiträume / 20.Jahrhundert</subfield>
            <subfield code="2">idszbz Z9</subfield>
         </datafield>
         <datafield tag="690" ind1=" " ind2="7">
            <subfield code="B">u</subfield>
            <subfield code="a">Ökonometrie / Einzelne Gebiete und Orte</subfield>
            <subfield code="2">idszbz Z9</subfield>
         </datafield>
         <datafield tag="700" ind1="1" ind2=" ">
            <subfield code="a">Goldberger</subfield>
            <subfield code="D">Arthur Stanley</subfield>
         </datafield>
         <datafield tag="830" ind1=" " ind2="0">
            <subfield code="a">Contributions to economic analysis</subfield>
            <subfield code="v">9</subfield>
         </datafield>
         <datafield tag="909" ind1=" " ind2="7">
            <subfield code="a">MedeaZBZ</subfield>
            <subfield code="2">idszbz ZR</subfield>
         </datafield>
         <datafield tag="950" ind1=" " ind2=" ">
            <subfield code="B">NEBIS</subfield>
            <subfield code="P">100</subfield>
            <subfield code="E">1-</subfield>
            <subfield code="a">Klein</subfield>
            <subfield code="D">Lawrence Robert</subfield>
            <subfield code="d">1920-2013</subfield>
            <subfield code="0">(DE-588)119283271</subfield>
         </datafield>
         <datafield tag="950" ind1=" " ind2=" ">
            <subfield code="B">NEBIS</subfield>
            <subfield code="P">490</subfield>
            <subfield code="E">--</subfield>
            <subfield code="a">Contributions to economic analysis</subfield>
            <subfield code="v">9</subfield>
            <subfield code="i">9</subfield>
            <subfield code="w">(NEBIS)000026377</subfield>
            <subfield code="9">12667275X</subfield>
         </datafield>
         <datafield tag="950" ind1=" " ind2=" ">
            <subfield code="B">NEBIS</subfield>
            <subfield code="P">700</subfield>
            <subfield code="E">1-</subfield>
            <subfield code="a">Goldberger</subfield>
            <subfield code="D">Arthur Stanley</subfield>
         </datafield>
         <datafield tag="950" ind1=" " ind2=" ">
            <subfield code="B">VAUD</subfield>
            <subfield code="P">100</subfield>
            <subfield code="E">1-</subfield>
            <subfield code="a">Klein</subfield>
            <subfield code="D">Lawrence Robert</subfield>
         </datafield>
         <datafield tag="950" ind1=" " ind2=" ">
            <subfield code="B">VAUD</subfield>
            <subfield code="P">490</subfield>
            <subfield code="E">1-</subfield>
            <subfield code="a">Contributions to economic analysis</subfield>
            <subfield code="v">9</subfield>
         </datafield>
         <datafield tag="950" ind1=" " ind2=" ">
            <subfield code="B">VAUD</subfield>
            <subfield code="P">700</subfield>
            <subfield code="E">1-</subfield>
            <subfield code="a">Goldberger</subfield>
            <subfield code="D">Arthur Stanley</subfield>
         </datafield>
         <datafield tag="950" ind1=" " ind2=" ">
            <subfield code="B">VAUD</subfield>
            <subfield code="P">830</subfield>
            <subfield code="E">--</subfield>
            <subfield code="a">Contributions to economic analysis</subfield>
            <subfield code="v">9</subfield>
         </datafield>
         <datafield tag="986" ind1=" " ind2=" ">
            <subfield code="a">SWISSBIB</subfield>
            <subfield code="b">104177950</subfield>
         </datafield>
         <datafield tag="898" ind1=" " ind2=" ">
            <subfield code="a">BK020000</subfield>
            <subfield code="b">XK020000</subfield>
            <subfield code="c">XK020000</subfield>
         </datafield>
         
         
      <datafield tag="690" ind1="H" ind2="D">
	    	<subfield code="8">YJ</subfield>
	    	<subfield code="a">Wirtschaftswissenschaften : Volkswirtschaftliches Rechnungswesen. Sonstiges, einzelnen Gruppen nicht zuweisbares statistisches Material</subfield>
	    	<subfield code="2">HSG-IFF</subfield>
	    </datafield></record>