<record xmlns:xs="http://www.w3.org/2001/XMLSchema">
         <leader>     caa a22     u  4500</leader>
         <controlfield tag="001">268691738</controlfield>
         <controlfield tag="003">CHVBK</controlfield>
         <controlfield tag="005">20190130071900.0</controlfield>
         <controlfield tag="008">130817s1990    sz |||||||||| 00   |ger d</controlfield>
         <datafield tag="019" ind1=" " ind2=" ">
            <subfield code="a">!!!"Bibliogr. du droit suisse"!!!</subfield>
            <subfield code="5">22.03.1991/geubfd/maj</subfield>
         </datafield>
         <datafield tag="019" ind1=" " ind2=" ">
            <subfield code="a">Attention : indexation ajuri convertie en jurivoc</subfield>
         </datafield>
         <datafield tag="035" ind1=" " ind2=" ">
            <subfield code="a">(IDSBB)000902683</subfield>
         </datafield>
         <datafield tag="035" ind1=" " ind2=" ">
            <subfield code="a">(SGBN)000113662</subfield>
         </datafield>
         <datafield tag="035" ind1=" " ind2=" ">
            <subfield code="a">(RERO)1356912</subfield>
         </datafield>
         <datafield tag="035" ind1=" " ind2=" ">
            <subfield code="a">(VAUD)991020043819702852</subfield>
         </datafield>
         <datafield tag="035" ind1=" " ind2=" ">
            <subfield code="a">(RNV)001238748-41bculausa_network</subfield>
         </datafield>
         <datafield tag="035" ind1=" " ind2=" ">
            <subfield code="a">(RERO)001238748</subfield>
         </datafield>
         <datafield tag="035" ind1=" " ind2=" ">
            <subfield code="a">1356912</subfield>
         </datafield>
         <datafield tag="035" ind1=" " ind2=" ">
            <subfield code="a">(EXLNZ-41BCULAUSA_NETWORK)991007319449702851</subfield>
         </datafield>
         <datafield tag="040" ind1=" " ind2=" ">
            <subfield code="a">SzZuIDS BS/BE B465</subfield>
            <subfield code="b">ger</subfield>
            <subfield code="e">kids</subfield>
         <subfield code="d">SzZuIDS HSG</subfield></datafield>
         <datafield tag="072" ind1=" " ind2="7">
            <subfield code="a">s1dr</subfield>
            <subfield code="2">rero</subfield>
         </datafield>
         <datafield tag="100" ind1="1" ind2=" ">
            <subfield code="a">Zweifel</subfield>
            <subfield code="D">Martin</subfield>
            <subfield code="d">1947-</subfield>
            <subfield code="0">(DE-588)1072527758</subfield>
         </datafield>
         <datafield tag="245" ind1="1" ind2="4">
            <subfield code="a">Die rechtsstaatliche Ausgestaltung des Steuerhinterziehungsverfahrens vor Verwaltungsbehörden</subfield>
            <subfield code="c">Martin Zweifel</subfield>
         </datafield>
         <datafield tag="580" ind1=" " ind2=" ">
            <subfield code="a">In: Steuerrecht im Rechtsstaat : Festschrift für Prof. Dr. Francis Cagianut zum 65. Geburtstag. - Bern ; Stuttgart : P. Haupt, cop. 1990. - S. 223-242</subfield>
         </datafield>
         <datafield tag="650" ind1=" " ind2="7">
            <subfield code="a">Etat de droit</subfield>
            <subfield code="2">rerovoc</subfield>
         </datafield>
         <datafield tag="650" ind1=" " ind2="7">
            <subfield code="a">Fraude fiscale</subfield>
            <subfield code="2">rero</subfield>
         </datafield>
         <datafield tag="650" ind1=" " ind2="7">
            <subfield code="a">Procédure administrative</subfield>
            <subfield code="2">rero</subfield>
         </datafield>
         <datafield tag="650" ind1=" " ind2="7">
            <subfield code="a">droit pénal fiscal</subfield>
            <subfield code="9">fre</subfield>
            <subfield code="2">jurivoc</subfield>
         </datafield>
         <datafield tag="650" ind1=" " ind2="7">
            <subfield code="a">soustraction d'impôt</subfield>
            <subfield code="9">fre</subfield>
            <subfield code="2">jurivoc</subfield>
         </datafield>
         <datafield tag="650" ind1=" " ind2="7">
            <subfield code="a">procédure administrative</subfield>
            <subfield code="9">fre</subfield>
            <subfield code="2">jurivoc</subfield>
         </datafield>
         <datafield tag="650" ind1=" " ind2="7">
            <subfield code="a">procès fiscal</subfield>
            <subfield code="9">fre</subfield>
            <subfield code="2">jurivoc</subfield>
         </datafield>
         <datafield tag="650" ind1=" " ind2="7">
            <subfield code="a">diritto penale fiscale</subfield>
            <subfield code="9">ita</subfield>
            <subfield code="2">jurivoc</subfield>
         </datafield>
         <datafield tag="650" ind1=" " ind2="7">
            <subfield code="a">sottrazione d'imposta</subfield>
            <subfield code="9">ita</subfield>
            <subfield code="2">jurivoc</subfield>
         </datafield>
         <datafield tag="650" ind1=" " ind2="7">
            <subfield code="a">procedura amministrativa</subfield>
            <subfield code="9">ita</subfield>
            <subfield code="2">jurivoc</subfield>
         </datafield>
         <datafield tag="650" ind1=" " ind2="7">
            <subfield code="a">procedura giudiziaria fiscale</subfield>
            <subfield code="9">ita</subfield>
            <subfield code="2">jurivoc</subfield>
         </datafield>
         <datafield tag="650" ind1=" " ind2="7">
            <subfield code="a">Steuerstrafrecht</subfield>
            <subfield code="9">ger</subfield>
            <subfield code="2">jurivoc</subfield>
         </datafield>
         <datafield tag="650" ind1=" " ind2="7">
            <subfield code="a">Steuerhinterziehung</subfield>
            <subfield code="9">ger</subfield>
            <subfield code="2">jurivoc</subfield>
         </datafield>
         <datafield tag="650" ind1=" " ind2="7">
            <subfield code="a">Verwaltungs- und Verwaltungsgerichtsverfahren</subfield>
            <subfield code="9">ger</subfield>
            <subfield code="2">jurivoc</subfield>
         </datafield>
         <datafield tag="650" ind1=" " ind2="7">
            <subfield code="a">Steuerjustizverfahren</subfield>
            <subfield code="9">ger</subfield>
            <subfield code="2">jurivoc</subfield>
         </datafield>
         <datafield tag="650" ind1=" " ind2="7">
            <subfield code="a">Etat de droit</subfield>
            <subfield code="x">fraude fiscale</subfield>
            <subfield code="x">procédure administrative</subfield>
            <subfield code="z">Suisse</subfield>
            <subfield code="2">chrero</subfield>
         </datafield>
         <datafield tag="651" ind1=" " ind2="7">
            <subfield code="a">Suisse</subfield>
            <subfield code="2">rero</subfield>
         </datafield>
         <datafield tag="651" ind1=" " ind2="7">
            <subfield code="a">Suisse(État)</subfield>
            <subfield code="9">fre</subfield>
            <subfield code="2">jurivoc</subfield>
         </datafield>
         <datafield tag="651" ind1=" " ind2="7">
            <subfield code="a">Svizzera(Stato)</subfield>
            <subfield code="9">ita</subfield>
            <subfield code="2">jurivoc</subfield>
         </datafield>
         <datafield tag="651" ind1=" " ind2="7">
            <subfield code="a">Schweiz</subfield>
            <subfield code="9">ger</subfield>
            <subfield code="2">jurivoc</subfield>
         </datafield>
         <datafield tag="690" ind1=" " ind2="7">
            <subfield code="B">s</subfield>
            <subfield code="a">Steuerrecht</subfield>
            <subfield code="x">Steuerhinterziehung</subfield>
            <subfield code="2">sgbn S</subfield>
         </datafield>
         <datafield tag="690" ind1=" " ind2="7">
            <subfield code="B">s</subfield>
            <subfield code="a">Steuerhinterziehung</subfield>
            <subfield code="2">sgbn S</subfield>
         </datafield>
         <datafield tag="691" ind1=" " ind2="7">
            <subfield code="B">u</subfield>
            <subfield code="u">WH 12.2.1</subfield>
            <subfield code="2">idsbb GD</subfield>
         </datafield>
         <datafield tag="691" ind1=" " ind2="7">
            <subfield code="B">u</subfield>
            <subfield code="u">WH 12.2.2</subfield>
            <subfield code="2">idsbb GD</subfield>
         </datafield>
         <datafield tag="691" ind1=" " ind2="7">
            <subfield code="u">15.1</subfield>
            <subfield code="2">ids dr-sys</subfield>
         </datafield>
         <datafield tag="691" ind1=" " ind2="7">
            <subfield code="2">rero dr-sys</subfield>
            <subfield code="u">CA/CH 54 i</subfield>
         </datafield>
         <datafield tag="691" ind1=" " ind2="7">
            <subfield code="2">vaud dr-sys</subfield>
            <subfield code="u">CA/CH 54 i</subfield>
         </datafield>
         <datafield tag="773" ind1="0" ind2="U">
            <subfield code="t">Steuerrecht im Rechtsstaat : Festschrift für Prof. Dr. Francis Cagianut zum 65. Geburtstag</subfield>
            <subfield code="d">Bern ; Stuttgart : P. Haupt, 1990</subfield>
            <subfield code="g">S. 223-242</subfield>
            <subfield code="j">223-242</subfield>
            <subfield code="w">(IDSBB)000628333</subfield>
            <subfield code="9">271559144</subfield>
         </datafield>
         <datafield tag="912" ind1=" " ind2="7">
            <subfield code="a">rs</subfield>
            <subfield code="2">SGBN</subfield>
         </datafield>
         <datafield tag="950" ind1=" " ind2=" ">
            <subfield code="B">IDSBB</subfield>
            <subfield code="P">100</subfield>
            <subfield code="E">1-</subfield>
            <subfield code="a">Zweifel</subfield>
            <subfield code="D">Martin</subfield>
            <subfield code="d">1947-</subfield>
            <subfield code="0">(DE-588)1072527758</subfield>
         </datafield>
         <datafield tag="950" ind1=" " ind2=" ">
            <subfield code="B">IDSBB</subfield>
            <subfield code="P">773</subfield>
            <subfield code="E">0U</subfield>
            <subfield code="t">Steuerrecht im Rechtsstaat : Festschrift für Prof. Dr. Francis Cagianut zum 65. Geburtstag</subfield>
            <subfield code="d">Bern ; Stuttgart : P. Haupt, 1990</subfield>
            <subfield code="g">S. 223-242</subfield>
            <subfield code="j">223-242</subfield>
            <subfield code="w">(IDSBB)000628333</subfield>
            <subfield code="9">271559144</subfield>
         </datafield>
         <datafield tag="950" ind1=" " ind2=" ">
            <subfield code="B">SGBN</subfield>
            <subfield code="P">100</subfield>
            <subfield code="E">1-</subfield>
            <subfield code="a">Zweifel</subfield>
            <subfield code="D">Martin</subfield>
         </datafield>
         <datafield tag="950" ind1=" " ind2=" ">
            <subfield code="B">SGBN</subfield>
            <subfield code="P">773</subfield>
            <subfield code="E">-A</subfield>
            <subfield code="t">Steuerrecht im Rechtsstaat</subfield>
            <subfield code="d">Bern ; Stuttgart : P. Haupt, 1990</subfield>
            <subfield code="g">S. 223-242</subfield>
            <subfield code="j">223-242</subfield>
            <subfield code="w">(SGBN)000113649</subfield>
            <subfield code="9">271559144</subfield>
         </datafield>
         <datafield tag="950" ind1=" " ind2=" ">
            <subfield code="B">RERO</subfield>
            <subfield code="P">100</subfield>
            <subfield code="E">1-</subfield>
            <subfield code="a">Zweifel</subfield>
            <subfield code="D">Martin</subfield>
         </datafield>
         <datafield tag="950" ind1=" " ind2=" ">
            <subfield code="B">RERO</subfield>
            <subfield code="P">773</subfield>
            <subfield code="E">1-</subfield>
            <subfield code="t">Steuerrecht im Rechtsstaat : Festschrift für Prof. Dr. Francis Cagianut zum 65. Geburtstag</subfield>
            <subfield code="g">S. 223-242</subfield>
         </datafield>
         <datafield tag="950" ind1=" " ind2=" ">
            <subfield code="B">VAUD</subfield>
            <subfield code="P">100</subfield>
            <subfield code="E">1-</subfield>
            <subfield code="a">Zweifel</subfield>
            <subfield code="D">Martin</subfield>
            <subfield code="d">1947-</subfield>
         </datafield>
         <datafield tag="950" ind1=" " ind2=" ">
            <subfield code="B">VAUD</subfield>
            <subfield code="P">773</subfield>
            <subfield code="E">1-</subfield>
            <subfield code="t">Steuerrecht im Rechtsstaat : Festschrift für Prof. Dr. Francis Cagianut zum 65. Geburtstag</subfield>
            <subfield code="g">S. 223-242</subfield>
         </datafield>
         <datafield tag="986" ind1=" " ind2=" ">
            <subfield code="a">SWISSBIB</subfield>
            <subfield code="b">268691738</subfield>
         </datafield>
         <datafield tag="898" ind1=" " ind2=" ">
            <subfield code="a">BK010000</subfield>
            <subfield code="b">XK010000</subfield>
            <subfield code="c">XK010000</subfield>
         </datafield>
         
         
         
         
         
         
         
         
         
         
         
      <datafield tag="690" ind1="H" ind2="D">
	    	<subfield code="8">M</subfield>
	    	<subfield code="a">Verfahrensrecht und Steuerstrafrecht : Allgemeines Verfahrensrecht</subfield>
	    	<subfield code="2">HSG-IFF</subfield>
	    </datafield><datafield tag="690" ind1="H" ind2="D">
    		<subfield code="8">MJ</subfield>
    		<subfield code="a">Verfahrensrecht und Steuerstrafrecht : Steuerhinterziehung</subfield>
    		<subfield code="2">HSG-IFF</subfield>
    	</datafield></record>