<record xmlns:xs="http://www.w3.org/2001/XMLSchema">
         <leader>     cam a22     4  4500</leader>
         <controlfield tag="001">529014483</controlfield>
         <controlfield tag="003">CHVBK</controlfield>
         <controlfield tag="005">20180927082619.0</controlfield>
         <controlfield tag="008">040706s1985    gw            00    ger  </controlfield>
         <datafield tag="035" ind1=" " ind2=" ">
            <subfield code="a">(OCoLC)45941860</subfield>
         </datafield>
         <datafield tag="035" ind1=" " ind2=" ">
            <subfield code="a">(IDSBB)006341924</subfield>
         </datafield>
         <datafield tag="040" ind1=" " ind2=" ">
            <subfield code="a">SzZuIDS BS/BE B464</subfield>
            <subfield code="e">kids</subfield>
         <subfield code="d">SzZuIDS HSG</subfield></datafield>
         <datafield tag="084" ind1=" " ind2=" ">
            <subfield code="a">PP 6945</subfield>
            <subfield code="2">rvk</subfield>
         </datafield>
         <datafield tag="084" ind1=" " ind2=" ">
            <subfield code="a">QL 000</subfield>
            <subfield code="2">rvk</subfield>
         </datafield>
         <datafield tag="084" ind1=" " ind2=" ">
            <subfield code="a">QL 200</subfield>
            <subfield code="2">rvk</subfield>
         </datafield>
         <datafield tag="100" ind1="1" ind2=" ">
            <subfield code="a">Dornbusch</subfield>
            <subfield code="D">Hans-Ludwig</subfield>
         </datafield>
         <datafield tag="245" ind1="1" ind2="4">
            <subfield code="a">Das Sozialbudget der Bundesrepublik Deutschland bis 1987</subfield>
            <subfield code="b">Leistungsniveau, Finanzierungsstruktur und Haushaltsrisiken</subfield>
            <subfield code="c">Hans-Ludwig Dornbusch</subfield>
         </datafield>
         <datafield tag="264" ind1=" " ind2="1">
            <subfield code="a">Bonn</subfield>
            <subfield code="b">Institut Finanzen und Steuern</subfield>
            <subfield code="c">1985</subfield>
         </datafield>
         <datafield tag="300" ind1=" " ind2=" ">
            <subfield code="a">101 S.</subfield>
            <subfield code="b">Ill.</subfield>
         </datafield>
         <datafield tag="336" ind1=" " ind2=" ">
            <subfield code="a">Text</subfield>
            <subfield code="b">txt</subfield>
            <subfield code="2">rdacontent/ger</subfield>
         </datafield>
         <datafield tag="337" ind1=" " ind2=" ">
            <subfield code="a">ohne Hilfsmittel zu benutzen</subfield>
            <subfield code="b">n</subfield>
            <subfield code="2">rdamedia/ger</subfield>
         </datafield>
         <datafield tag="338" ind1=" " ind2=" ">
            <subfield code="a">Band</subfield>
            <subfield code="b">nc</subfield>
            <subfield code="2">rdacarrier/ger</subfield>
         </datafield>
         <datafield tag="490" ind1="0" ind2=" ">
            <subfield code="a">Brief / Institut Finanzen und Steuern</subfield>
            <subfield code="v">Nr. 242</subfield>
            <subfield code="i">242</subfield>
            <subfield code="w">(IDSBB)003279821</subfield>
            <subfield code="9">107747359</subfield>
         </datafield>
         <datafield tag="650" ind1=" " ind2="7">
            <subfield code="a">Finanzpolitik</subfield>
            <subfield code="0">(DE-588)4127795-8</subfield>
            <subfield code="2">gnd</subfield>
         </datafield>
         <datafield tag="651" ind1=" " ind2="7">
            <subfield code="a">Deutschland (Bundesrepublik)</subfield>
            <subfield code="0">(DE-588)4011889-7</subfield>
            <subfield code="2">gnd</subfield>
         </datafield>
         <datafield tag="950" ind1=" " ind2=" ">
            <subfield code="B">IDSBB</subfield>
            <subfield code="P">100</subfield>
            <subfield code="E">1-</subfield>
            <subfield code="a">Dornbusch</subfield>
            <subfield code="D">Hans-Ludwig</subfield>
         </datafield>
         <datafield tag="950" ind1=" " ind2=" ">
            <subfield code="B">IDSBB</subfield>
            <subfield code="P">490</subfield>
            <subfield code="E">0-</subfield>
            <subfield code="a">Brief / Institut Finanzen und Steuern</subfield>
            <subfield code="v">Nr. 242</subfield>
            <subfield code="i">242</subfield>
            <subfield code="w">(IDSBB)003279821</subfield>
            <subfield code="9">107747359</subfield>
         </datafield>
         <datafield tag="986" ind1=" " ind2=" ">
            <subfield code="a">SWISSBIB</subfield>
            <subfield code="b">081735928</subfield>
         </datafield>
         <datafield tag="986" ind1=" " ind2=" ">
            <subfield code="a">ORANGE</subfield>
            <subfield code="b">081735928</subfield>
         </datafield>
         <datafield tag="898" ind1=" " ind2=" ">
            <subfield code="a">BK020000</subfield>
            <subfield code="b">XK020000</subfield>
            <subfield code="c">XK020000</subfield>
         </datafield>
         
      <datafield tag="690" ind1="H" ind2="D">
	    	<subfield code="8">YX</subfield>
	    	<subfield code="a">Wirtschaftswissenschaften : Sozialpolitik. Gesundheitswesen. Bildungsökonomie</subfield>
	    	<subfield code="2">HSG-IFF</subfield>
	    </datafield></record>