<record xmlns:xs="http://www.w3.org/2001/XMLSchema">
         <leader>     cam a22     4  4500</leader>
         <controlfield tag="001">330207393</controlfield>
         <controlfield tag="003">CHVBK</controlfield>
         <controlfield tag="005">20190223085715.0</controlfield>
         <controlfield tag="008">150206s2011    gw            10    ger  </controlfield>
         <datafield tag="020" ind1=" " ind2=" ">
            <subfield code="a">978-3-504-62036-3</subfield>
            <subfield code="c">EUR 59.80</subfield>
         </datafield>
         <datafield tag="035" ind1=" " ind2=" ">
            <subfield code="a">(IDSLU)000995044</subfield>
         </datafield>
         <datafield tag="035" ind1=" " ind2=" ">
            <subfield code="a">(IDSBB)005624884</subfield>
         </datafield>
         <datafield tag="035" ind1=" " ind2=" ">
            <subfield code="a">(NEBIS)007256763</subfield>
         </datafield>
         <datafield tag="035" ind1=" " ind2=" ">
            <subfield code="a">(OCoLC)741932347</subfield>
         </datafield>
         <datafield tag="040" ind1=" " ind2=" ">
            <subfield code="a">SzZuIDS BS/BE B465</subfield>
            <subfield code="d">SzZuIDS LU LUZHB</subfield>
            <subfield code="e">kids</subfield>
         <subfield code="d">SzZuIDS HSG</subfield></datafield>
         <datafield tag="082" ind1="0" ind2=" ">
            <subfield code="a">300</subfield>
         </datafield>
         <datafield tag="082" ind1="1" ind2=" ">
            <subfield code="a">340</subfield>
            <subfield code="2">15</subfield>
         </datafield>
         <datafield tag="082" ind1="0" ind2=" ">
            <subfield code="a">343.43052</subfield>
            <subfield code="2">22</subfield>
         </datafield>
         <datafield tag="084" ind1=" " ind2=" ">
            <subfield code="a">PP 3040</subfield>
            <subfield code="2">rvk</subfield>
         </datafield>
         <datafield tag="084" ind1=" " ind2=" ">
            <subfield code="a">PP 5565</subfield>
            <subfield code="2">rvk</subfield>
         </datafield>
         <datafield tag="084" ind1=" " ind2=" ">
            <subfield code="a">PP 5566</subfield>
            <subfield code="2">rvk</subfield>
         </datafield>
         <datafield tag="245" ind1="0" ind2="0">
            <subfield code="a">Einkünfteermittlung</subfield>
            <subfield code="c">35. Jahrestagung der Deutschen Steuerjuristischen Gesellschaft e.V. Potsdam, 13. und 14. September 2010 ; hrsg. im Auftrag der Deutschen Steuerjuristischen Gesellschaft e.V. von Johanna Hey</subfield>
         </datafield>
         <datafield tag="264" ind1=" " ind2="1">
            <subfield code="a">Köln</subfield>
            <subfield code="b">O. Schmidt</subfield>
            <subfield code="c">2011</subfield>
         </datafield>
         <datafield tag="300" ind1=" " ind2=" ">
            <subfield code="a">424 S.</subfield>
            <subfield code="b">Ill.</subfield>
            <subfield code="c">22 cm</subfield>
         </datafield>
         <datafield tag="490" ind1="0" ind2=" ">
            <subfield code="a">Veröffentlichungen der Deutschen Steuerjuristischen Gesellschaft e.V.</subfield>
            <subfield code="v">Bd. 34</subfield>
            <subfield code="i">34</subfield>
            <subfield code="w">(IDSLU)000490752</subfield>
            <subfield code="9">358595770</subfield>
         </datafield>
         <datafield tag="650" ind1=" " ind2="7">
            <subfield code="a">Steuerrecht</subfield>
            <subfield code="0">(DE-588)4116614-0</subfield>
            <subfield code="2">gnd</subfield>
         </datafield>
         <datafield tag="650" ind1=" " ind2="7">
            <subfield code="a">Einkommensermittlung</subfield>
            <subfield code="0">(DE-588)4151339-3</subfield>
            <subfield code="2">gnd</subfield>
         </datafield>
         <datafield tag="651" ind1=" " ind2="7">
            <subfield code="a">Deutschland</subfield>
            <subfield code="0">(DE-588)4011882-4</subfield>
            <subfield code="2">gnd</subfield>
         </datafield>
         <datafield tag="655" ind1=" " ind2="7">
            <subfield code="a">Konferenzschrift</subfield>
            <subfield code="z">Potsdam</subfield>
            <subfield code="y">2010</subfield>
            <subfield code="2">gnd-content</subfield>
         </datafield>
         <datafield tag="691" ind1=" " ind2="7">
            <subfield code="B">u</subfield>
            <subfield code="u">PC 54 D</subfield>
            <subfield code="2">idslu L1</subfield>
         </datafield>
         <datafield tag="700" ind1="1" ind2=" ">
            <subfield code="a">Hey</subfield>
            <subfield code="D">Johanna</subfield>
         </datafield>
         <datafield tag="711" ind1="2" ind2=" ">
            <subfield code="a">Deutsche Steuerjuristische Gesellschaft</subfield>
            <subfield code="e">Jahrestagung</subfield>
            <subfield code="0">(DE-588)1091833311</subfield>
         </datafield>
         <datafield tag="898" ind1=" " ind2=" ">
            <subfield code="a">BK020800</subfield>
            <subfield code="b">XK020000</subfield>
            <subfield code="c">XK020000</subfield>
         </datafield>
         <datafield tag="898" ind1=" " ind2=" ">
            <subfield code="a">BK020000</subfield>
            <subfield code="b">XK020000</subfield>
            <subfield code="c">XK020000</subfield>
         </datafield>
         <datafield tag="909" ind1=" " ind2="7">
            <subfield code="a">E51-20120514</subfield>
            <subfield code="2">nebis EN</subfield>
         </datafield>
         <datafield tag="912" ind1=" " ind2="7">
            <subfield code="a">824</subfield>
            <subfield code="2">IDS LU</subfield>
         </datafield>
         <datafield tag="912" ind1=" " ind2="7">
            <subfield code="a">rw</subfield>
            <subfield code="2">SzZuIDS BS/BE</subfield>
         </datafield>
         
         
         
         <datafield tag="950" ind1=" " ind2=" ">
            <subfield code="B">IDSLU</subfield>
            <subfield code="P">490</subfield>
            <subfield code="E">0-</subfield>
            <subfield code="a">Veröffentlichungen der Deutschen Steuerjuristischen Gesellschaft e.V</subfield>
            <subfield code="v">Bd. 34</subfield>
            <subfield code="i">34</subfield>
            <subfield code="w">(IDSLU)000490752</subfield>
            <subfield code="9">358595770</subfield>
         </datafield>
         <datafield tag="950" ind1=" " ind2=" ">
            <subfield code="B">IDSLU</subfield>
            <subfield code="P">700</subfield>
            <subfield code="E">1-</subfield>
            <subfield code="a">Hey</subfield>
            <subfield code="D">Johanna</subfield>
         </datafield>
         <datafield tag="950" ind1=" " ind2=" ">
            <subfield code="B">IDSLU</subfield>
            <subfield code="P">711</subfield>
            <subfield code="E">2-</subfield>
            <subfield code="a">Deutsche Steuerjuristische Gesellschaft</subfield>
            <subfield code="e">Jahrestagung</subfield>
            <subfield code="0">(DE-588)1091833311</subfield>
         </datafield>
         <datafield tag="950" ind1=" " ind2=" ">
            <subfield code="B">IDSBB</subfield>
            <subfield code="P">490</subfield>
            <subfield code="E">0-</subfield>
            <subfield code="a">Veröffentlichungen der Deutschen steuerjuristischen Gesellschaft</subfield>
            <subfield code="v">Bd. 34</subfield>
            <subfield code="i">34</subfield>
            <subfield code="w">(IDSBB)000494019</subfield>
            <subfield code="9">374006083</subfield>
         </datafield>
         <datafield tag="950" ind1=" " ind2=" ">
            <subfield code="B">IDSBB</subfield>
            <subfield code="P">700</subfield>
            <subfield code="E">1-</subfield>
            <subfield code="a">Hey</subfield>
            <subfield code="D">Johanna</subfield>
         </datafield>
         <datafield tag="950" ind1=" " ind2=" ">
            <subfield code="B">IDSBB</subfield>
            <subfield code="P">710</subfield>
            <subfield code="E">2-</subfield>
            <subfield code="a">Deutsche steuerjuristische Gesellschaft</subfield>
            <subfield code="b">Jahrestagung</subfield>
            <subfield code="0">(DE-588)1085693961</subfield>
         </datafield>
         <datafield tag="950" ind1=" " ind2=" ">
            <subfield code="B">NEBIS</subfield>
            <subfield code="P">490</subfield>
            <subfield code="E">--</subfield>
            <subfield code="a">Veröffentlichungen der Deutschen Steuerjuristischen Gesellschaft</subfield>
            <subfield code="v">Bd. 34</subfield>
            <subfield code="i">34</subfield>
            <subfield code="w">(NEBIS)001209596</subfield>
            <subfield code="9">374006083</subfield>
         </datafield>
         <datafield tag="950" ind1=" " ind2=" ">
            <subfield code="B">NEBIS</subfield>
            <subfield code="P">711</subfield>
            <subfield code="E">2-</subfield>
            <subfield code="a">Deutsche Steuerjuristische Gesellschaft</subfield>
            <subfield code="e">Jahrestagung</subfield>
            <subfield code="0">(DE-588)1091833311</subfield>
         </datafield>
         <datafield tag="956" ind1="4" ind2=" ">
            <subfield code="B">IDSBB</subfield>
            <subfield code="C">DSV51</subfield>
            <subfield code="D">DSV01</subfield>
            <subfield code="a">A100</subfield>
            <subfield code="u">http://d-nb.info/1010825887/04</subfield>
            <subfield code="q">pdf</subfield>
            <subfield code="x">VIEW</subfield>
            <subfield code="y">Inhaltsverzeichnis</subfield>
         </datafield>
         <datafield tag="956" ind1="4" ind2=" ">
            <subfield code="B">IDSLU</subfield>
            <subfield code="C">ILU50</subfield>
            <subfield code="D">ILU01</subfield>
            <subfield code="a">LUZHB</subfield>
            <subfield code="u">http://d-nb.info/1010825887/04</subfield>
            <subfield code="q">pdf</subfield>
            <subfield code="x">VIEW</subfield>
            <subfield code="y">Inhaltsverzeichnis</subfield>
         </datafield>
         <datafield tag="986" ind1=" " ind2=" ">
            <subfield code="a">SWISSBIB</subfield>
            <subfield code="b">330207393</subfield>
         </datafield>
      <datafield tag="690" ind1="H" ind2="D">
	    	<subfield code="8">KB</subfield>
	    	<subfield code="a">Ausländisches Steuerrecht : Deutschland</subfield>
	    	<subfield code="2">HSG-IFF</subfield>
	    </datafield></record>