<record xmlns:xs="http://www.w3.org/2001/XMLSchema">
         <leader>     cam a22     2  4500</leader>
         <controlfield tag="001">349383715</controlfield>
         <controlfield tag="003">CHVBK</controlfield>
         <controlfield tag="005">20181024143436.0</controlfield>
         <controlfield tag="008">131110s1993    sz           s000 0 ger d</controlfield>
         <datafield tag="035" ind1=" " ind2=" ">
            <subfield code="a">(ALEX)997825924101791</subfield>
         </datafield>
         <datafield tag="040" ind1=" " ind2=" ">
            <subfield code="a">BUWAL</subfield>
            <subfield code="c">SAZ</subfield>
         <subfield code="d">SzZuIDS HSG</subfield></datafield>
         <datafield tag="041" ind1="0" ind2=" ">
            <subfield code="a">ger</subfield>
            <subfield code="a">fre</subfield>
         </datafield>
         <datafield tag="100" ind1="1" ind2=" ">
            <subfield code="a">Schwarz</subfield>
            <subfield code="D">Heinrich</subfield>
         </datafield>
         <datafield tag="245" ind1="1" ind2="0">
            <subfield code="a">Containergewichtsgebühr oder Sackgebühr?</subfield>
            <subfield code="b">Pilotversuch mit der Containergewichtsgebühr in Kirchberg (BE) = Taxe pondérale ou taxe par sac? : Expérience-pilote de taxation pondérale des conteneurs à Kirchberg</subfield>
            <subfield code="c">Heinrich Schwarz</subfield>
         </datafield>
         <datafield tag="260" ind1=" " ind2=" ">
            <subfield code="a">Bern</subfield>
            <subfield code="b">Amt für Gewässerschutz und Abfallwirtschaft</subfield>
            <subfield code="c">1993</subfield>
         </datafield>
         <datafield tag="300" ind1=" " ind2=" ">
            <subfield code="a">ca. 60 S.</subfield>
         </datafield>
         <datafield tag="336" ind1=" " ind2=" ">
            <subfield code="a">Text</subfield>
            <subfield code="b">txt</subfield>
            <subfield code="2">rdacontent/ger</subfield>
         </datafield>
         <datafield tag="337" ind1=" " ind2=" ">
            <subfield code="a">ohne Hilfsmittel zu benutzen</subfield>
            <subfield code="b">n</subfield>
            <subfield code="2">rdamedia/ger</subfield>
         </datafield>
         <datafield tag="338" ind1=" " ind2=" ">
            <subfield code="a">Band</subfield>
            <subfield code="b">nc</subfield>
            <subfield code="2">rdacarrier/ger</subfield>
         </datafield>
         <datafield tag="690" ind1=" " ind2="7">
            <subfield code="B">s</subfield>
            <subfield code="a">Abfallwirtschaft</subfield>
            <subfield code="2">alex helvetosaurus</subfield>
         </datafield>
         <datafield tag="700" ind1="1" ind2="2">
            <subfield code="a">Schwarz</subfield>
            <subfield code="D">Heinrich</subfield>
            <subfield code="t">Taxe pondérale ou taxe par sac?</subfield>
         </datafield>
         <datafield tag="950" ind1=" " ind2=" ">
            <subfield code="B">ALEX</subfield>
            <subfield code="P">100</subfield>
            <subfield code="E">1-</subfield>
            <subfield code="a">Schwarz</subfield>
            <subfield code="D">Heinrich</subfield>
         </datafield>
         <datafield tag="950" ind1=" " ind2=" ">
            <subfield code="B">ALEX</subfield>
            <subfield code="P">700</subfield>
            <subfield code="E">12</subfield>
            <subfield code="a">Schwarz</subfield>
            <subfield code="D">Heinrich</subfield>
            <subfield code="t">Taxe pondérale ou taxe par sac?</subfield>
         </datafield>
         <datafield tag="898" ind1=" " ind2=" ">
            <subfield code="a">BK020000</subfield>
            <subfield code="b">XK020000</subfield>
            <subfield code="c">XK020000</subfield>
         </datafield>
         
      <datafield tag="690" ind1="H" ind2="D">
	    	<subfield code="8">WD</subfield>
	    	<subfield code="a">Sep. 08 Uebrige Literatur : Sep. 08 Diverse Gebiete, Umweltschutz</subfield>
	    	<subfield code="2">HSG-IFF</subfield>
	    </datafield></record>