<record xmlns:xs="http://www.w3.org/2001/XMLSchema">
         <leader>     caa a22     2  4500</leader>
         <controlfield tag="001">282525408</controlfield>
         <controlfield tag="003">CHVBK</controlfield>
         <controlfield tag="005">20180808152341.0</controlfield>
         <controlfield tag="008">130818s1999    sz            00    ger  </controlfield>
         <datafield tag="019" ind1=" " ind2=" ">
            <subfield code="a">fdbbs Publication: Book Item (Buchkap., Lexikonartikel, jur. Kommentierung, Beiträge in Sammelbänden etc.)</subfield>
            <subfield code="5">23.06.2010 CONV</subfield>
         </datafield>
         <datafield tag="019" ind1=" " ind2=" ">
            <subfield code="a">fdbbs Institution: Universität Basel. Faculty of Law. Departement Rechtswissenschaften</subfield>
            <subfield code="5">23.06.2010 CONV</subfield>
         </datafield>
         <datafield tag="035" ind1=" " ind2=" ">
            <subfield code="a">(IDSBB)005264280</subfield>
         </datafield>
         <datafield tag="035" ind1=" " ind2=" ">
            <subfield code="a">(SGBN)000282967</subfield>
         </datafield>
         <datafield tag="040" ind1=" " ind2=" ">
            <subfield code="a">SzZuIDS BS/BE A100</subfield>
            <subfield code="b">ger</subfield>
            <subfield code="e">kids</subfield>
         <subfield code="d">SzZuIDS HSG</subfield></datafield>
         <datafield tag="091" ind1=" " ind2=" ">
            <subfield code="a">197116</subfield>
            <subfield code="b">oai:UNIBASEL_Publications</subfield>
         </datafield>
         <datafield tag="245" ind1="0" ind2="4">
            <subfield code="a">Die EU-Richtlinie über den Elternurlaub als Ergebnis kooperativer Rechtsetzung</subfield>
            <subfield code="c">Stöckli, Jean-Fritz</subfield>
         </datafield>
         <datafield tag="690" ind1=" " ind2="7">
            <subfield code="B">s</subfield>
            <subfield code="a">Eltern</subfield>
            <subfield code="x">Elternurlaub</subfield>
            <subfield code="2">sgbn S</subfield>
         </datafield>
         <datafield tag="700" ind1="1" ind2=" ">
            <subfield code="a">Stöckli</subfield>
            <subfield code="D">Jean-Fritz</subfield>
            <subfield code="d">1949-</subfield>
            <subfield code="0">(DE-588)109481992</subfield>
         </datafield>
         <datafield tag="773" ind1="0" ind2="A">
            <subfield code="t">Der Einfluss des europäischen Rechts auf die Schweiz</subfield>
            <subfield code="d">Zürich, 1999</subfield>
            <subfield code="g">S. 607-619</subfield>
            <subfield code="j">607-619</subfield>
            <subfield code="w">(IDSBB)001638526</subfield>
            <subfield code="9">281278865</subfield>
         </datafield>
         <datafield tag="909" ind1=" " ind2="7">
            <subfield code="a">fdbbs</subfield>
            <subfield code="x">A208</subfield>
            <subfield code="2">idsbb A</subfield>
         </datafield>
         <datafield tag="909" ind1=" " ind2="7">
            <subfield code="a">mcssid</subfield>
            <subfield code="x">197116</subfield>
            <subfield code="2">idsbb A</subfield>
         </datafield>
         <datafield tag="912" ind1=" " ind2="7">
            <subfield code="a">rs</subfield>
            <subfield code="2">SGBN</subfield>
         </datafield>
         <datafield tag="950" ind1=" " ind2=" ">
            <subfield code="B">IDSBB</subfield>
            <subfield code="P">700</subfield>
            <subfield code="E">1-</subfield>
            <subfield code="a">Stöckli</subfield>
            <subfield code="D">Jean-Fritz</subfield>
            <subfield code="d">1949-</subfield>
            <subfield code="0">(DE-588)109481992</subfield>
         </datafield>
         <datafield tag="950" ind1=" " ind2=" ">
            <subfield code="B">IDSBB</subfield>
            <subfield code="P">773</subfield>
            <subfield code="E">0A</subfield>
            <subfield code="t">Der Einfluss des europäischen Rechts auf die Schweiz</subfield>
            <subfield code="d">Zürich, 1999</subfield>
            <subfield code="g">S. 607-619</subfield>
            <subfield code="j">607-619</subfield>
            <subfield code="w">(IDSBB)001638526</subfield>
            <subfield code="9">281278865</subfield>
         </datafield>
         <datafield tag="950" ind1=" " ind2=" ">
            <subfield code="B">SGBN</subfield>
            <subfield code="P">100</subfield>
            <subfield code="E">1-</subfield>
            <subfield code="a">Stöckli</subfield>
            <subfield code="D">Jean-Fritz</subfield>
         </datafield>
         <datafield tag="950" ind1=" " ind2=" ">
            <subfield code="B">SGBN</subfield>
            <subfield code="P">773</subfield>
            <subfield code="E">-A</subfield>
            <subfield code="t">Der Einfluss des europäischen Rechts auf die Schweiz</subfield>
            <subfield code="d">Zürich : Schulthess, 1999</subfield>
            <subfield code="g">S. 607-619</subfield>
            <subfield code="j">607-619</subfield>
            <subfield code="w">(SGBN)000282683</subfield>
            <subfield code="9">281278865</subfield>
         </datafield>
         <datafield tag="986" ind1=" " ind2=" ">
            <subfield code="a">SWISSBIB</subfield>
            <subfield code="b">282525408</subfield>
         </datafield>
         <datafield tag="898" ind1=" " ind2=" ">
            <subfield code="a">BK010000</subfield>
            <subfield code="b">XK010000</subfield>
            <subfield code="c">XK010000</subfield>
         </datafield>
         
         
         
         
         
         
         
         
         
         
      <datafield tag="690" ind1="H" ind2="D">
	    	<subfield code="8">WB</subfield>
	    	<subfield code="a">179 Uebrige Literatur : 179 Oeffentliches Recht</subfield>
	    	<subfield code="2">HSG-IFF</subfield>
	    </datafield></record>