<record xmlns:xs="http://www.w3.org/2001/XMLSchema">
         <leader>     caa a22     u  4500</leader>
         <controlfield tag="001">103683291</controlfield>
         <controlfield tag="003">CHVBK</controlfield>
         <controlfield tag="005">20180615102532.0</controlfield>
         <controlfield tag="008">950113s1966    sz            00    ger d</controlfield>
         <datafield tag="035" ind1=" " ind2=" ">
            <subfield code="a">(OCoLC)610662757</subfield>
         </datafield>
         <datafield tag="035" ind1=" " ind2=" ">
            <subfield code="a">(IDSBB)001066497</subfield>
         </datafield>
         <datafield tag="040" ind1=" " ind2=" ">
            <subfield code="a">SzZuIDS BS/BE B465</subfield>
            <subfield code="b">ger</subfield>
            <subfield code="e">kids</subfield>
         <subfield code="d">SzZuIDS HSG</subfield></datafield>
         <datafield tag="100" ind1="1" ind2=" ">
            <subfield code="a">Huber</subfield>
            <subfield code="D">Hans</subfield>
         </datafield>
         <datafield tag="245" ind1="1" ind2="4">
            <subfield code="a">Das interkantonale Doppelbesteuerungsrecht als Richterrecht</subfield>
            <subfield code="c">Hans Huber</subfield>
         </datafield>
         <datafield tag="336" ind1=" " ind2=" ">
            <subfield code="a">Text</subfield>
            <subfield code="b">txt</subfield>
            <subfield code="2">rdacontent/ger</subfield>
         </datafield>
         <datafield tag="337" ind1=" " ind2=" ">
            <subfield code="a">ohne Hilfsmittel zu benutzen</subfield>
            <subfield code="b">n</subfield>
            <subfield code="2">rdamedia/ger</subfield>
         </datafield>
         <datafield tag="338" ind1=" " ind2=" ">
            <subfield code="a">Band</subfield>
            <subfield code="b">nc</subfield>
            <subfield code="2">rdacarrier/ger</subfield>
         </datafield>
         <datafield tag="691" ind1=" " ind2="7">
            <subfield code="B">u</subfield>
            <subfield code="u">P 2.7</subfield>
            <subfield code="2">idsbb GD</subfield>
         </datafield>
         <datafield tag="691" ind1=" " ind2="7">
            <subfield code="B">u</subfield>
            <subfield code="u">Q 1.1.3</subfield>
            <subfield code="2">idsbb GD</subfield>
         </datafield>
         <datafield tag="691" ind1=" " ind2="7">
            <subfield code="B">u</subfield>
            <subfield code="u">WH 9.3.2</subfield>
            <subfield code="2">idsbb GD</subfield>
         </datafield>
         <datafield tag="773" ind1="0" ind2="A">
            <subfield code="t">Festschrift für Irene Blumenstein : überreicht zum 70. Geburtstag am 23. April 1966</subfield>
            <subfield code="d">Bern : Genossenschaftsbuchdruckerei, 1966</subfield>
            <subfield code="g">S. 43-64</subfield>
            <subfield code="j">43-64</subfield>
            <subfield code="w">(IDSBB)000273917</subfield>
            <subfield code="9">358793718</subfield>
         </datafield>
         <datafield tag="950" ind1=" " ind2=" ">
            <subfield code="B">IDSBB</subfield>
            <subfield code="P">100</subfield>
            <subfield code="E">1-</subfield>
            <subfield code="a">Huber</subfield>
            <subfield code="D">Hans</subfield>
         </datafield>
         <datafield tag="950" ind1=" " ind2=" ">
            <subfield code="B">IDSBB</subfield>
            <subfield code="P">773</subfield>
            <subfield code="E">0A</subfield>
            <subfield code="t">Festschrift für Irene Blumenstein : überreicht zum 70. Geburtstag am 23. April 1966</subfield>
            <subfield code="d">Bern : Genossenschaftsbuchdruckerei, 1966</subfield>
            <subfield code="g">S. 43-64</subfield>
            <subfield code="j">43-64</subfield>
            <subfield code="w">(IDSBB)000273917</subfield>
            <subfield code="9">358793718</subfield>
         </datafield>
         <datafield tag="986" ind1=" " ind2=" ">
            <subfield code="a">SWISSBIB</subfield>
            <subfield code="b">103683291</subfield>
         </datafield>
         <datafield tag="898" ind1=" " ind2=" ">
            <subfield code="a">BK010000</subfield>
            <subfield code="b">XK010000</subfield>
            <subfield code="c">XK010000</subfield>
         </datafield>
         
         
         
         
         
         
         
      <datafield tag="690" ind1="H" ind2="D">
	    	<subfield code="8">LB</subfield>
	    	<subfield code="a">Interkantonales/Internationales Steuerrecht : Interkantonales Steuerrecht</subfield>
	    	<subfield code="2">HSG-IFF</subfield>
	    </datafield></record>