<record xmlns:xs="http://www.w3.org/2001/XMLSchema">
         <leader>     cam a22     u  4500</leader>
         <controlfield tag="001">51592606X</controlfield>
         <controlfield tag="003">CHVBK</controlfield>
         <controlfield tag="005">20180702100319.0</controlfield>
         <controlfield tag="008">180630s1973    xxu    |      00   |eng|d</controlfield>
         <datafield tag="020" ind1=" " ind2=" ">
            <subfield code="a">0-87933-042-2</subfield>
         </datafield>
         <datafield tag="020" ind1=" " ind2=" ">
            <subfield code="a">0-87933-298-0</subfield>
         </datafield>
         <datafield tag="035" ind1=" " ind2=" ">
            <subfield code="a">(NEBIS)000143418</subfield>
         </datafield>
         <datafield tag="035" ind1=" " ind2=" ">
            <subfield code="a">(IDSSG)000991333</subfield>
         </datafield>
         <datafield tag="040" ind1=" " ind2=" ">
            <subfield code="a">ETH-BIB</subfield>
            <subfield code="b">ger</subfield>
            <subfield code="c">ETH-BIB</subfield>
            <subfield code="e">ETHICS-ISBD</subfield>
         <subfield code="d">SzZuIDS HSG</subfield></datafield>
         <datafield tag="245" ind1="0" ind2="0">
            <subfield code="a">Applying the systems approach to urban development</subfield>
            <subfield code="c">Jack W. Lapatra</subfield>
         </datafield>
         <datafield tag="260" ind1=" " ind2=" ">
            <subfield code="a">Stroudsburg, Pa.</subfield>
            <subfield code="b">Dowden, Hutchinson &amp; Ross</subfield>
            <subfield code="c">1973</subfield>
         </datafield>
         <datafield tag="300" ind1=" " ind2=" ">
            <subfield code="a">IX, 296 p.</subfield>
            <subfield code="c">23 cm</subfield>
            <subfield code="b">fig.</subfield>
         </datafield>
         <datafield tag="490" ind1="0" ind2=" ">
            <subfield code="a">Community development series</subfield>
            <subfield code="v">5</subfield>
            <subfield code="i">05</subfield>
            <subfield code="w">(NEBIS)000058347</subfield>
            <subfield code="9">278886884</subfield>
         </datafield>
         <datafield tag="690" ind1=" " ind2="7">
            <subfield code="B">u</subfield>
            <subfield code="u">YY</subfield>
            <subfield code="a">Wirtschaftswissenschaften : Regionale Wirtschaftspolitik. Stadtplanung</subfield>
            <subfield code="2">idssg HD</subfield>
         </datafield>
         <datafield tag="691" ind1=" " ind2="7">
            <subfield code="B">u</subfield>
            <subfield code="a">STADTPLANUNG + STÄDTEBAU (GEBAUTE UMWELT)</subfield>
            <subfield code="z">ger</subfield>
            <subfield code="u">711.4</subfield>
            <subfield code="2">nebis E1</subfield>
         </datafield>
         <datafield tag="691" ind1=" " ind2="7">
            <subfield code="B">u</subfield>
            <subfield code="a">ALLGEMEINE FRAGEN DER REGELUNGSTHEORIE (MATHEMATIK)</subfield>
            <subfield code="z">ger</subfield>
            <subfield code="u">519.711</subfield>
            <subfield code="2">nebis E1</subfield>
         </datafield>
         <datafield tag="691" ind1=" " ind2="7">
            <subfield code="B">u</subfield>
            <subfield code="a">URBAN PLANNING (BUILT ENVIRONMENT)</subfield>
            <subfield code="z">eng</subfield>
            <subfield code="u">711.4</subfield>
            <subfield code="2">nebis E1</subfield>
         </datafield>
         <datafield tag="691" ind1=" " ind2="7">
            <subfield code="B">u</subfield>
            <subfield code="a">URBANISME (ENVIRONNEMENT CONSTRUIT)</subfield>
            <subfield code="z">fre</subfield>
            <subfield code="u">711.4</subfield>
            <subfield code="2">nebis E1</subfield>
         </datafield>
         <datafield tag="691" ind1=" " ind2="7">
            <subfield code="B">u</subfield>
            <subfield code="a">THÉORIE GÉNÉRALE DE LA COMMANDE (MATHÉMATIQUES)</subfield>
            <subfield code="z">fre</subfield>
            <subfield code="u">519.711</subfield>
            <subfield code="2">nebis E1</subfield>
         </datafield>
         <datafield tag="691" ind1=" " ind2="7">
            <subfield code="B">u</subfield>
            <subfield code="a">GENERAL QUESTIONS OF CONTROL THEORY (MATHEMATICS)</subfield>
            <subfield code="z">eng</subfield>
            <subfield code="u">519.711</subfield>
            <subfield code="2">nebis E1</subfield>
         </datafield>
         <datafield tag="700" ind1="1" ind2=" ">
            <subfield code="a">Lapatra</subfield>
            <subfield code="D">Jack W.</subfield>
         </datafield>
         <datafield tag="950" ind1=" " ind2=" ">
            <subfield code="B">NEBIS</subfield>
            <subfield code="P">490</subfield>
            <subfield code="E">--</subfield>
            <subfield code="a">Community development series</subfield>
            <subfield code="v">5</subfield>
            <subfield code="i">05</subfield>
            <subfield code="w">(NEBIS)000058347</subfield>
            <subfield code="9">278886884</subfield>
         </datafield>
         <datafield tag="950" ind1=" " ind2=" ">
            <subfield code="B">NEBIS</subfield>
            <subfield code="P">700</subfield>
            <subfield code="E">1-</subfield>
            <subfield code="a">Lapatra</subfield>
            <subfield code="D">Jack W.</subfield>
         </datafield>
         <datafield tag="950" ind1=" " ind2=" ">
            <subfield code="B">IDSSG</subfield>
            <subfield code="P">100</subfield>
            <subfield code="E">1-</subfield>
            <subfield code="a">LaPatra</subfield>
            <subfield code="D">Jack W.</subfield>
            <subfield code="e">Verfasser</subfield>
            <subfield code="4">aut</subfield>
         </datafield>
         <datafield tag="986" ind1=" " ind2=" ">
            <subfield code="a">SWISSBIB</subfield>
            <subfield code="b">423395971</subfield>
         </datafield>
         <datafield tag="898" ind1=" " ind2=" ">
            <subfield code="a">BK020000</subfield>
            <subfield code="b">XK020000</subfield>
            <subfield code="c">XK020000</subfield>
         </datafield>
         
         
      <datafield tag="690" ind1="H" ind2="D">
	    	<subfield code="8">YY</subfield>
	    	<subfield code="a">Wirtschaftswissenschaften : Regionale Wirtschaftspolitik. Stadtplanung</subfield>
	    	<subfield code="2">HSG-IFF</subfield>
	    </datafield></record>