<record xmlns:xs="http://www.w3.org/2001/XMLSchema">
         <leader>     cas a22        4500</leader>
         <controlfield tag="001">352259388</controlfield>
         <controlfield tag="003">CHVBK</controlfield>
         <controlfield tag="005">20181023141307.0</controlfield>
         <controlfield tag="008">131110d19662000sz ar    b    0   b0ger d</controlfield>
         <datafield tag="022" ind1="0" ind2=" ">
            <subfield code="a">0256-1271</subfield>
         </datafield>
         <datafield tag="035" ind1=" " ind2=" ">
            <subfield code="a">(ALEX)993706514101791</subfield>
         </datafield>
         <datafield tag="040" ind1=" " ind2=" ">
            <subfield code="a">SLB</subfield>
            <subfield code="c">SLB</subfield>
            <subfield code="d">TFL</subfield>
         <subfield code="d">SzZuIDS HSG</subfield></datafield>
         <datafield tag="041" ind1="0" ind2=" ">
            <subfield code="a">ger</subfield>
            <subfield code="a">fre</subfield>
            <subfield code="a">ita</subfield>
         </datafield>
         <datafield tag="210" ind1="1" ind2=" ">
            <subfield code="a">Bibliogr. schweiz. Rechts</subfield>
         </datafield>
         <datafield tag="245" ind1="0" ind2="0">
            <subfield code="a">Bibliographie des schweizerischen Rechts</subfield>
            <subfield code="b">Bibliographie du droit suisse = Bibliografia del diritto svizzero</subfield>
            <subfield code="c">Schweizerischer Juristenverein = Société suisse des juristes = Società svizzera dei giuristi ; [Red.:] Gabriel Frossard, Tudor Pop</subfield>
         </datafield>
         <datafield tag="246" ind1="3" ind2="1">
            <subfield code="a">Bibliographie juridique suisse</subfield>
         </datafield>
         <datafield tag="246" ind1="3" ind2="1">
            <subfield code="a">Bibliographie du droit suisse</subfield>
         </datafield>
         <datafield tag="246" ind1="3" ind2="1">
            <subfield code="a">Bibliografia del diritto svizzero</subfield>
         </datafield>
         <datafield tag="260" ind1=" " ind2=" ">
            <subfield code="a">Basel</subfield>
            <subfield code="b">Helbing &amp; Lichtenhahn</subfield>
            <subfield code="c">1966-2000</subfield>
         </datafield>
         <datafield tag="300" ind1=" " ind2=" ">
            <subfield code="a">   v.</subfield>
            <subfield code="c">22 cm</subfield>
         </datafield>
         <datafield tag="310" ind1=" " ind2=" ">
            <subfield code="a">Jährl.</subfield>
         </datafield>
         <datafield tag="336" ind1=" " ind2=" ">
            <subfield code="a">Text</subfield>
            <subfield code="b">txt</subfield>
            <subfield code="2">rdacontent/ger</subfield>
         </datafield>
         <datafield tag="337" ind1=" " ind2=" ">
            <subfield code="a">ohne Hilfsmittel zu benutzen</subfield>
            <subfield code="b">n</subfield>
            <subfield code="2">rdamedia/ger</subfield>
         </datafield>
         <datafield tag="338" ind1=" " ind2=" ">
            <subfield code="a">Band</subfield>
            <subfield code="b">nc</subfield>
            <subfield code="2">rdacarrier/ger</subfield>
         </datafield>
         <datafield tag="362" ind1="0" ind2=" ">
            <subfield code="a">1966-1988 ; 1989/1990-1998/1999.</subfield>
         </datafield>
         <datafield tag="490" ind1="1" ind2=" ">
            <subfield code="a">Referate und Mitteilungen / Schweizerischer Juristenverein / Société suisse des juristes / Società svizzera dei giuristi</subfield>
         </datafield>
         <datafield tag="500" ind1=" " ind2=" ">
            <subfield code="a">Franz. Paralleltitel bis 1986 (1987): Bibliographie juridique suisse</subfield>
         </datafield>
         <datafield tag="580" ind1=" " ind2=" ">
            <subfield code="a">Forts. von: Übersicht der Literatur über schweizerisches Recht = Bibliographie juridique suisse</subfield>
         </datafield>
         <datafield tag="580" ind1=" " ind2=" ">
            <subfield code="a">Bis 1990/91 Suppl. zu: Zeitschrift für schweizerisches Recht = Revue de droit suisse = Rivista di diritto svizzero</subfield>
         </datafield>
         <datafield tag="580" ind1=" " ind2=" ">
            <subfield code="a">Forts. siehe: Schweizerische Rechtsbibliographie (SRB) = Bibliographie juridique suisse (BJS) = Bibliografia giuridica svizzera (BGS)</subfield>
         </datafield>
         <datafield tag="650" ind1=" " ind2="7">
            <subfield code="a">Bibliographie</subfield>
            <subfield code="2">jurivoc</subfield>
         </datafield>
         <datafield tag="650" ind1=" " ind2="7">
            <subfield code="a">Rechtswissenschaft</subfield>
            <subfield code="2">jurivoc</subfield>
         </datafield>
         <datafield tag="650" ind1=" " ind2="7">
            <subfield code="a">Periodikum</subfield>
            <subfield code="2">jurivoc</subfield>
         </datafield>
         <datafield tag="651" ind1=" " ind2="7">
            <subfield code="a">Schweiz</subfield>
            <subfield code="2">jurivoc</subfield>
         </datafield>
         <datafield tag="690" ind1=" " ind2="7">
            <subfield code="B">s</subfield>
            <subfield code="a">Recht (allgemein)</subfield>
            <subfield code="2">alex helvetosaurus</subfield>
         </datafield>
         <datafield tag="700" ind1="1" ind2=" ">
            <subfield code="a">Frossard</subfield>
            <subfield code="D">Gabriel</subfield>
         </datafield>
         <datafield tag="700" ind1="1" ind2=" ">
            <subfield code="a">Pop</subfield>
            <subfield code="D">Tudor-Aurel</subfield>
         </datafield>
         <datafield tag="710" ind1="2" ind2=" ">
            <subfield code="a">Schweizerischer Juristenverein</subfield>
         </datafield>
         <datafield tag="730" ind1="0" ind2=" ">
            <subfield code="a">[Bibliographie</subfield>
            <subfield code="g">Bibliographie des schweizerischen Rechts.]</subfield>
         </datafield>
         <datafield tag="730" ind1="0" ind2=" ">
            <subfield code="a">[Bibliographie</subfield>
            <subfield code="g">Bibliographie du droit suisse.]</subfield>
         </datafield>
         <datafield tag="730" ind1="0" ind2=" ">
            <subfield code="a">[Bibliographie</subfield>
         </datafield>
         <datafield tag="730" ind1="0" ind2=" ">
            <subfield code="a">[Bibliographie</subfield>
            <subfield code="g">Bibliographie juridique suisse.]</subfield>
         </datafield>
         <datafield tag="772" ind1="1" ind2=" ">
            <subfield code="t">Zeitschrift für schweizerisches Recht</subfield>
            <subfield code="x">0254-945X</subfield>
         </datafield>
         <datafield tag="772" ind1="1" ind2=" ">
            <subfield code="t">Revue de droit suisse</subfield>
         </datafield>
         <datafield tag="772" ind1="1" ind2=" ">
            <subfield code="t">Rivista di diritto svizzero</subfield>
         </datafield>
         <datafield tag="780" ind1="1" ind2="0">
            <subfield code="t">Übersicht der Literatur über schweizerisches Recht</subfield>
            <subfield code="x">1423-0895</subfield>
         </datafield>
         <datafield tag="780" ind1="1" ind2="0">
            <subfield code="t">Bibliographie juridique suisse</subfield>
         </datafield>
         <datafield tag="785" ind1="1" ind2="0">
            <subfield code="t">Schweizerische Rechtsbibliographie (SRB)</subfield>
         </datafield>
         <datafield tag="785" ind1="1" ind2="0">
            <subfield code="t">Bibliographie juridique suisse (BJS)</subfield>
         </datafield>
         <datafield tag="785" ind1="1" ind2="0">
            <subfield code="t">Bibliografia giuridica svizzera (BGS)</subfield>
         </datafield>
         <datafield tag="830" ind1=" " ind2="0">
            <subfield code="a">Referate und Mitteilungen / Schweizerischer Juristenverein</subfield>
         </datafield>
         <datafield tag="830" ind1=" " ind2="0">
            <subfield code="a">Rapports et communications / Société suisse des juristes</subfield>
         </datafield>
         <datafield tag="830" ind1=" " ind2="0">
            <subfield code="a">Rapporti e comunicazioni / Società svizzera dei giuristi</subfield>
         </datafield>
         <datafield tag="950" ind1=" " ind2=" ">
            <subfield code="B">ALEX</subfield>
            <subfield code="P">490</subfield>
            <subfield code="E">1-</subfield>
            <subfield code="a">Referate und Mitteilungen / Schweizerischer Juristenverein / Société suisse des juristes / Società svizzera dei giuristi</subfield>
         </datafield>
         <datafield tag="950" ind1=" " ind2=" ">
            <subfield code="B">ALEX</subfield>
            <subfield code="P">700</subfield>
            <subfield code="E">1-</subfield>
            <subfield code="a">Frossard</subfield>
            <subfield code="D">Gabriel</subfield>
         </datafield>
         <datafield tag="950" ind1=" " ind2=" ">
            <subfield code="B">ALEX</subfield>
            <subfield code="P">700</subfield>
            <subfield code="E">1-</subfield>
            <subfield code="a">Pop</subfield>
            <subfield code="D">Tudor-Aurel</subfield>
         </datafield>
         <datafield tag="950" ind1=" " ind2=" ">
            <subfield code="B">ALEX</subfield>
            <subfield code="P">710</subfield>
            <subfield code="E">2-</subfield>
            <subfield code="a">Schweizerischer Juristenverein</subfield>
         </datafield>
         <datafield tag="950" ind1=" " ind2=" ">
            <subfield code="B">ALEX</subfield>
            <subfield code="P">730</subfield>
            <subfield code="E">--</subfield>
            <subfield code="a">[Bibliographie</subfield>
            <subfield code="g">Bibliographie des schweizerischen Rechts.]</subfield>
         </datafield>
         <datafield tag="950" ind1=" " ind2=" ">
            <subfield code="B">ALEX</subfield>
            <subfield code="P">730</subfield>
            <subfield code="E">--</subfield>
            <subfield code="a">[Bibliographie</subfield>
            <subfield code="g">Bibliographie du droit suisse.]</subfield>
         </datafield>
         <datafield tag="950" ind1=" " ind2=" ">
            <subfield code="B">ALEX</subfield>
            <subfield code="P">730</subfield>
            <subfield code="E">--</subfield>
            <subfield code="a">[Bibliographie</subfield>
         </datafield>
         <datafield tag="950" ind1=" " ind2=" ">
            <subfield code="B">ALEX</subfield>
            <subfield code="P">730</subfield>
            <subfield code="E">--</subfield>
            <subfield code="a">[Bibliographie</subfield>
            <subfield code="g">Bibliographie juridique suisse.]</subfield>
         </datafield>
         <datafield tag="950" ind1=" " ind2=" ">
            <subfield code="B">ALEX</subfield>
            <subfield code="P">772</subfield>
            <subfield code="E">1-</subfield>
            <subfield code="t">Zeitschrift für schweizerisches Recht</subfield>
            <subfield code="x">0254-945X</subfield>
         </datafield>
         <datafield tag="950" ind1=" " ind2=" ">
            <subfield code="B">ALEX</subfield>
            <subfield code="P">772</subfield>
            <subfield code="E">1-</subfield>
            <subfield code="t">Revue de droit suisse</subfield>
         </datafield>
         <datafield tag="950" ind1=" " ind2=" ">
            <subfield code="B">ALEX</subfield>
            <subfield code="P">772</subfield>
            <subfield code="E">1-</subfield>
            <subfield code="t">Rivista di diritto svizzero</subfield>
         </datafield>
         <datafield tag="950" ind1=" " ind2=" ">
            <subfield code="B">ALEX</subfield>
            <subfield code="P">780</subfield>
            <subfield code="E">10</subfield>
            <subfield code="t">Übersicht der Literatur über schweizerisches Recht</subfield>
            <subfield code="x">1423-0895</subfield>
         </datafield>
         <datafield tag="950" ind1=" " ind2=" ">
            <subfield code="B">ALEX</subfield>
            <subfield code="P">780</subfield>
            <subfield code="E">10</subfield>
            <subfield code="t">Bibliographie juridique suisse</subfield>
         </datafield>
         <datafield tag="950" ind1=" " ind2=" ">
            <subfield code="B">ALEX</subfield>
            <subfield code="P">785</subfield>
            <subfield code="E">10</subfield>
            <subfield code="t">Schweizerische Rechtsbibliographie (SRB)</subfield>
         </datafield>
         <datafield tag="950" ind1=" " ind2=" ">
            <subfield code="B">ALEX</subfield>
            <subfield code="P">785</subfield>
            <subfield code="E">10</subfield>
            <subfield code="t">Bibliographie juridique suisse (BJS)</subfield>
         </datafield>
         <datafield tag="950" ind1=" " ind2=" ">
            <subfield code="B">ALEX</subfield>
            <subfield code="P">785</subfield>
            <subfield code="E">10</subfield>
            <subfield code="t">Bibliografia giuridica svizzera (BGS)</subfield>
         </datafield>
         <datafield tag="950" ind1=" " ind2=" ">
            <subfield code="B">ALEX</subfield>
            <subfield code="P">830</subfield>
            <subfield code="E">--</subfield>
            <subfield code="a">Referate und Mitteilungen / Schweizerischer Juristenverein</subfield>
         </datafield>
         <datafield tag="950" ind1=" " ind2=" ">
            <subfield code="B">ALEX</subfield>
            <subfield code="P">830</subfield>
            <subfield code="E">--</subfield>
            <subfield code="a">Rapports et communications / Société suisse des juristes</subfield>
         </datafield>
         <datafield tag="950" ind1=" " ind2=" ">
            <subfield code="B">ALEX</subfield>
            <subfield code="P">830</subfield>
            <subfield code="E">--</subfield>
            <subfield code="a">Rapporti e comunicazioni / Società svizzera dei giuristi</subfield>
         </datafield>
         <datafield tag="986" ind1=" " ind2=" ">
            <subfield code="a">SWISSBIB</subfield>
            <subfield code="b">056162138</subfield>
         </datafield>
         <datafield tag="898" ind1=" " ind2=" ">
            <subfield code="a">CR030000</subfield>
            <subfield code="b">XR030000</subfield>
            <subfield code="c">XR030000</subfield>
         </datafield>
         <datafield tag="852" ind1="4" ind2=" ">
            <subfield code="B">ALEX</subfield>
            <subfield code="F">BIG</subfield>
            <subfield code="j">BIG A 1227</subfield>
            <subfield code="c">Magazin1</subfield>
            <subfield code="a">1992/1993(1994)</subfield>
         </datafield>
         <datafield tag="852" ind1="4" ind2=" ">
            <subfield code="B">ALEX</subfield>
            <subfield code="F">BIG</subfield>
            <subfield code="j">BIG EPZB Z 184</subfield>
            <subfield code="c">Magazin1</subfield>
            <subfield code="a">1966 - 1998/1999</subfield>
         </datafield>
      <datafield tag="690" ind1="H" ind2="D">
	    	<subfield code="8">JB</subfield>
	    	<subfield code="a">Allgemeine Steuerrechtsliteratur : Festschriften, Sammelwerke, Bibliographien</subfield>
	    	<subfield code="2">HSG-IFF</subfield>
	    </datafield></record>