<record xmlns:xs="http://www.w3.org/2001/XMLSchema">
         <leader>     cam a22     u  4500</leader>
         <controlfield tag="001">282576401</controlfield>
         <controlfield tag="003">CHVBK</controlfield>
         <controlfield tag="005">20190223083347.0</controlfield>
         <controlfield tag="008">130818s1976    gw |||||||||| 00   |ger d</controlfield>
         <datafield tag="035" ind1=" " ind2=" ">
            <subfield code="a">(IDSBB)000713357</subfield>
         </datafield>
         <datafield tag="035" ind1=" " ind2=" ">
            <subfield code="a">(NEBIS)003524687</subfield>
         </datafield>
         <datafield tag="040" ind1=" " ind2=" ">
            <subfield code="a">SzZuIDS BS/BE A208</subfield>
            <subfield code="b">ger</subfield>
            <subfield code="e">kids</subfield>
         <subfield code="d">SzZuIDS HSG</subfield></datafield>
         <datafield tag="082" ind1="0" ind2=" ">
            <subfield code="a">341.184</subfield>
         </datafield>
         <datafield tag="082" ind1="1" ind2=" ">
            <subfield code="a">340</subfield>
            <subfield code="2">15</subfield>
         </datafield>
         <datafield tag="084" ind1=" " ind2=" ">
            <subfield code="a">PS 3080</subfield>
            <subfield code="2">rvk</subfield>
         </datafield>
         <datafield tag="084" ind1=" " ind2=" ">
            <subfield code="a">QL 010</subfield>
            <subfield code="2">rvk</subfield>
         </datafield>
         <datafield tag="084" ind1=" " ind2=" ">
            <subfield code="a">QL 040</subfield>
            <subfield code="2">rvk</subfield>
         </datafield>
         <datafield tag="100" ind1="1" ind2=" ">
            <subfield code="a">Ehlermann</subfield>
            <subfield code="D">Claus-Dieter</subfield>
         </datafield>
         <datafield tag="245" ind1="1" ind2="4">
            <subfield code="a">Der Europäische Rechnungshof</subfield>
            <subfield code="b">Haushaltskontrolle in der Gemeinschaft</subfield>
            <subfield code="c">Claus-Dieter Ehlermann</subfield>
         </datafield>
         <datafield tag="264" ind1=" " ind2="1">
            <subfield code="a">Baden-Baden</subfield>
            <subfield code="b">Nomos Verlagsges.</subfield>
            <subfield code="c">1976</subfield>
         </datafield>
         <datafield tag="300" ind1=" " ind2=" ">
            <subfield code="a">69 S.</subfield>
            <subfield code="c">8'</subfield>
         </datafield>
         <datafield tag="650" ind1=" " ind2="7">
            <subfield code="a">Haushaltskontrolle</subfield>
            <subfield code="0">(DE-588)4159253-0</subfield>
            <subfield code="2">gnd</subfield>
         </datafield>
         <datafield tag="690" ind1=" " ind2="7">
            <subfield code="B">u</subfield>
            <subfield code="a">Europäische Gemeinschaft / Finanzen</subfield>
            <subfield code="2">idszbz Z9</subfield>
         </datafield>
         <datafield tag="690" ind1=" " ind2="7">
            <subfield code="B">u</subfield>
            <subfield code="a">Rechnungshof</subfield>
            <subfield code="2">idszbz Z9</subfield>
         </datafield>
         <datafield tag="898" ind1=" " ind2=" ">
            <subfield code="a">BK020000</subfield>
            <subfield code="b">XK020000</subfield>
            <subfield code="c">XK020000</subfield>
         </datafield>
         <datafield tag="909" ind1=" " ind2="7">
            <subfield code="a">MedeaZBZ</subfield>
            <subfield code="2">idszbz ZR</subfield>
         </datafield>
         <datafield tag="912" ind1=" " ind2="7">
            <subfield code="a">rg</subfield>
            <subfield code="2">SzZuIDS BS/BE</subfield>
         </datafield>
         
         
         
         <datafield tag="950" ind1=" " ind2=" ">
            <subfield code="B">IDSBB</subfield>
            <subfield code="P">100</subfield>
            <subfield code="E">1-</subfield>
            <subfield code="a">Ehlermann</subfield>
            <subfield code="D">Claus-Dieter</subfield>
         </datafield>
         <datafield tag="950" ind1=" " ind2=" ">
            <subfield code="B">NEBIS</subfield>
            <subfield code="P">100</subfield>
            <subfield code="E">1-</subfield>
            <subfield code="a">Ehlermann</subfield>
            <subfield code="D">Claus-Dieter</subfield>
         </datafield>
         <datafield tag="986" ind1=" " ind2=" ">
            <subfield code="a">SWISSBIB</subfield>
            <subfield code="b">282576401</subfield>
         </datafield>
      <datafield tag="690" ind1="H" ind2="D">
	    	<subfield code="8">YL5</subfield>
	    	<subfield code="a">Wirtschaftswissenschaften : Finanzwissenschaft. Betriebswirtschaftliche Steuerlehre : Finanzwirtschaft supranationaler Behörden</subfield>
	    	<subfield code="2">HSG-IFF</subfield>
	    </datafield><datafield tag="690" ind1="H" ind2="D">
    		<subfield code="8">YM</subfield>
    		<subfield code="a">Wirtschaftswissenschaften : Internationaler Handel. Zahlungsbilanz und Wechselkurse</subfield>
    		<subfield code="2">HSG-IFF</subfield>
    	</datafield></record>