<record xmlns:xs="http://www.w3.org/2001/XMLSchema">
         <leader>     cam a22     4  4500</leader>
         <controlfield tag="001">156002264</controlfield>
         <controlfield tag="003">CHVBK</controlfield>
         <controlfield tag="005">20190211051105.0</controlfield>
         <controlfield tag="008">020423s1999    ne       m    00    eng  </controlfield>
         <datafield tag="020" ind1=" " ind2=" ">
            <subfield code="a">90-76078-30-0</subfield>
         </datafield>
         <datafield tag="035" ind1=" " ind2=" ">
            <subfield code="a">(OCoLC)247763965</subfield>
         </datafield>
         <datafield tag="035" ind1=" " ind2=" ">
            <subfield code="a">(NEBIS)004309985</subfield>
         </datafield>
         <datafield tag="040" ind1=" " ind2=" ">
            <subfield code="a">SzZuIDS NEBIS UNI-RWI</subfield>
         <subfield code="d">SzZuIDS HSG</subfield></datafield>
         <datafield tag="100" ind1="1" ind2=" ">
            <subfield code="a">Toit</subfield>
            <subfield code="D">Charl P. du</subfield>
         </datafield>
         <datafield tag="245" ind1="1" ind2="0">
            <subfield code="a">Beneficial ownership of royalties in bilateral tax treaties</subfield>
            <subfield code="c">Charl P. du Toit</subfield>
         </datafield>
         <datafield tag="260" ind1=" " ind2=" ">
            <subfield code="a">Amsterdam</subfield>
            <subfield code="b">IBFD-Publ.</subfield>
            <subfield code="c">1999</subfield>
         </datafield>
         <datafield tag="300" ind1=" " ind2=" ">
            <subfield code="a">280 S.</subfield>
         </datafield>
         <datafield tag="500" ind1=" " ind2=" ">
            <subfield code="a">Niederl. Zsfg.</subfield>
         </datafield>
         <datafield tag="502" ind1=" " ind2=" ">
            <subfield code="a">Diss. Univ. Amsterdam, 1999</subfield>
         </datafield>
         <datafield tag="650" ind1=" " ind2="7">
            <subfield code="a">Internationales Steuerrecht</subfield>
            <subfield code="2">idszbz</subfield>
         </datafield>
         <datafield tag="650" ind1=" " ind2="7">
            <subfield code="a">Lizenzgebühr</subfield>
            <subfield code="2">idszbz</subfield>
         </datafield>
         <datafield tag="650" ind1=" " ind2="7">
            <subfield code="a">Nutznießung</subfield>
            <subfield code="2">idszbz</subfield>
         </datafield>
         <datafield tag="898" ind1=" " ind2=" ">
            <subfield code="a">BK020300</subfield>
            <subfield code="b">XK020000</subfield>
            <subfield code="c">XK020000</subfield>
         </datafield>
         <datafield tag="908" ind1=" " ind2=" ">
            <subfield code="D">1</subfield>
            <subfield code="a">Hochschulschrift = Thèse/Mémoire</subfield>
         </datafield>
         <datafield tag="909" ind1=" " ind2="7">
            <subfield code="a">rwimon200209e</subfield>
            <subfield code="c">biss 020926</subfield>
            <subfield code="d">rwiswk200211b</subfield>
            <subfield code="e">meim</subfield>
            <subfield code="2">idszbz Z2</subfield>
         </datafield>
         <datafield tag="912" ind1=" " ind2="7">
            <subfield code="a">M109</subfield>
            <subfield code="2">Z01</subfield>
         </datafield>
         
         <datafield tag="950" ind1=" " ind2=" ">
            <subfield code="B">NEBIS</subfield>
            <subfield code="P">100</subfield>
            <subfield code="E">1-</subfield>
            <subfield code="a">Toit</subfield>
            <subfield code="D">Charl P. du</subfield>
         </datafield>
      <datafield tag="690" ind1="H" ind2="D">
	    	<subfield code="8">LC</subfield>
	    	<subfield code="a">Interkantonales/Internationales Steuerrecht : Internationales Steuerrecht</subfield>
	    	<subfield code="2">HSG-IFF</subfield>
	    </datafield></record>