<record xmlns:xs="http://www.w3.org/2001/XMLSchema">
         <leader>     cam a22     2  4500</leader>
         <controlfield tag="001">515922684</controlfield>
         <controlfield tag="003">CHVBK</controlfield>
         <controlfield tag="005">20180702100312.0</controlfield>
         <controlfield tag="008">180630s1970    sz            00    ger  </controlfield>
         <datafield tag="019" ind1=" " ind2=" ">
            <subfield code="a">RekatMedea: 041.0607</subfield>
            <subfield code="5">akswa</subfield>
         </datafield>
         <datafield tag="035" ind1=" " ind2=" ">
            <subfield code="a">(IDSBB)003745539</subfield>
         </datafield>
         <datafield tag="035" ind1=" " ind2=" ">
            <subfield code="a">(IDSSG)000991406</subfield>
         </datafield>
         <datafield tag="040" ind1=" " ind2=" ">
            <subfield code="a">SzZuIDS BS/BE A125</subfield>
            <subfield code="e">kids</subfield>
         <subfield code="d">SzZuIDS HSG</subfield></datafield>
         <datafield tag="100" ind1="1" ind2=" ">
            <subfield code="a">Feurer</subfield>
            <subfield code="D">Paul</subfield>
         </datafield>
         <datafield tag="245" ind1="1" ind2="4">
            <subfield code="a">Der Euromarkt, seine Risiken und seine Rückwirkungen auf die schweizerische Wirtschaft</subfield>
            <subfield code="c">Paul Feurer</subfield>
         </datafield>
         <datafield tag="264" ind1=" " ind2="1">
            <subfield code="a">[Basel]</subfield>
            <subfield code="c">1970</subfield>
         </datafield>
         <datafield tag="300" ind1=" " ind2=" ">
            <subfield code="a">   v.</subfield>
            <subfield code="c">4'</subfield>
         </datafield>
         <datafield tag="500" ind1=" " ind2=" ">
            <subfield code="a">Aus: Schweiz. Bankverein, Bulletin 1970, Nr. 1, S. 10-12</subfield>
         </datafield>
         <datafield tag="690" ind1=" " ind2="7">
            <subfield code="B">u</subfield>
            <subfield code="u">YM</subfield>
            <subfield code="a">Wirtschaftswissenschaften : Internationaler Handel. Zahlungsbilanz und Wechselkurse</subfield>
            <subfield code="2">idssg HD</subfield>
         </datafield>
         <datafield tag="909" ind1=" " ind2="7">
            <subfield code="f">akswamedea</subfield>
            <subfield code="2">idsbb A</subfield>
         </datafield>
         <datafield tag="950" ind1=" " ind2=" ">
            <subfield code="B">IDSBB</subfield>
            <subfield code="P">100</subfield>
            <subfield code="E">1-</subfield>
            <subfield code="a">Feurer</subfield>
            <subfield code="D">Paul</subfield>
         </datafield>
         <datafield tag="950" ind1=" " ind2=" ">
            <subfield code="B">IDSSG</subfield>
            <subfield code="P">100</subfield>
            <subfield code="E">1-</subfield>
            <subfield code="a">Feurer</subfield>
            <subfield code="D">P.</subfield>
            <subfield code="e">Verfasser</subfield>
            <subfield code="4">aut</subfield>
         </datafield>
         <datafield tag="898" ind1=" " ind2=" ">
            <subfield code="a">BK020000</subfield>
            <subfield code="b">XK020000</subfield>
            <subfield code="c">XK020000</subfield>
         </datafield>
         
         
      <datafield tag="690" ind1="H" ind2="D">
	    	<subfield code="8">YM</subfield>
	    	<subfield code="a">Wirtschaftswissenschaften : Internationaler Handel. Zahlungsbilanz und Wechselkurse</subfield>
	    	<subfield code="2">HSG-IFF</subfield>
	    </datafield></record>