<record xmlns:xs="http://www.w3.org/2001/XMLSchema">
         <leader>     cam a22     2  4500</leader>
         <controlfield tag="001">267780486</controlfield>
         <controlfield tag="003">CHVBK</controlfield>
         <controlfield tag="005">20181008082756.0</controlfield>
         <controlfield tag="008">130817s1979    gw            00    ger  </controlfield>
         <datafield tag="020" ind1=" " ind2=" ">
            <subfield code="a">3-593-32471-7</subfield>
         </datafield>
         <datafield tag="035" ind1=" " ind2=" ">
            <subfield code="a">(NEBIS)002594207</subfield>
         </datafield>
         <datafield tag="035" ind1=" " ind2=" ">
            <subfield code="a">(IDSBB)004289089</subfield>
         </datafield>
         <datafield tag="040" ind1=" " ind2=" ">
            <subfield code="a">SzZuIDS UZH</subfield>
            <subfield code="d">SzZuIDS NEBIS SOZARCH</subfield>
         <subfield code="d">SzZuIDS HSG</subfield></datafield>
         <datafield tag="084" ind1=" " ind2=" ">
            <subfield code="a">CC 7750</subfield>
            <subfield code="2">rvk</subfield>
         </datafield>
         <datafield tag="084" ind1=" " ind2=" ">
            <subfield code="a">QD 000</subfield>
            <subfield code="2">rvk</subfield>
         </datafield>
         <datafield tag="084" ind1=" " ind2=" ">
            <subfield code="a">QE 800</subfield>
            <subfield code="2">rvk</subfield>
         </datafield>
         <datafield tag="100" ind1="1" ind2=" ">
            <subfield code="a">Stapelfeldt</subfield>
            <subfield code="D">Gerhard</subfield>
         </datafield>
         <datafield tag="245" ind1="1" ind2="4">
            <subfield code="a">Das Problem des Anfangs in der Kritik der politischen Ökonomie</subfield>
            <subfield code="c">Gerhard Stapelfeldt</subfield>
         </datafield>
         <datafield tag="260" ind1=" " ind2=" ">
            <subfield code="a">Frankfurt, Main</subfield>
            <subfield code="b">Campus-Verlag</subfield>
            <subfield code="c">1979</subfield>
         </datafield>
         <datafield tag="300" ind1=" " ind2=" ">
            <subfield code="a">359 S.</subfield>
         </datafield>
         <datafield tag="490" ind1="0" ind2=" ">
            <subfield code="a">Campus. Forschung</subfield>
            <subfield code="v">Bd. 107</subfield>
            <subfield code="i">107</subfield>
            <subfield code="w">(NEBIS)000061527</subfield>
            <subfield code="9">277992176</subfield>
         </datafield>
         <datafield tag="600" ind1="1" ind2="0">
            <subfield code="a">Marx, Karl</subfield>
            <subfield code="d">1818-1883</subfield>
            <subfield code="t">Kapital</subfield>
         </datafield>
         <datafield tag="650" ind1=" " ind2="7">
            <subfield code="a">Warenwirtschaftssystem</subfield>
            <subfield code="0">(DE-588)4117590-6</subfield>
            <subfield code="2">gnd</subfield>
         </datafield>
         <datafield tag="650" ind1=" " ind2="0">
            <subfield code="a">Economics</subfield>
         </datafield>
         <datafield tag="650" ind1=" " ind2="7">
            <subfield code="a">Politische Ökonomie</subfield>
            <subfield code="0">(DE-588)4115586-5</subfield>
            <subfield code="2">gnd</subfield>
         </datafield>
         <datafield tag="650" ind1=" " ind2="7">
            <subfield code="a">Kritik</subfield>
            <subfield code="0">(DE-588)4033229-9</subfield>
            <subfield code="2">gnd</subfield>
         </datafield>
         <datafield tag="650" ind1=" " ind2="7">
            <subfield code="a">Wissenschaftstheorie</subfield>
            <subfield code="0">(DE-588)4117665-0</subfield>
            <subfield code="2">gnd</subfield>
         </datafield>
         <datafield tag="690" ind1=" " ind2="7">
            <subfield code="B">u</subfield>
            <subfield code="a">Marx, Karl / Werke</subfield>
            <subfield code="2">idszbz Z9</subfield>
         </datafield>
         <datafield tag="690" ind1=" " ind2="7">
            <subfield code="B">u</subfield>
            <subfield code="a">8136</subfield>
            <subfield code="2">idsuzh VB</subfield>
         </datafield>
         <datafield tag="690" ind1=" " ind2="7">
            <subfield code="B">u</subfield>
            <subfield code="a">7877</subfield>
            <subfield code="2">idsuzh VB</subfield>
         </datafield>
         <datafield tag="690" ind1=" " ind2="7">
            <subfield code="B">u</subfield>
            <subfield code="a">8133</subfield>
            <subfield code="2">idsuzh VB</subfield>
         </datafield>
         <datafield tag="690" ind1=" " ind2="7">
            <subfield code="B">u</subfield>
            <subfield code="a">-</subfield>
            <subfield code="d">Marxistische Ökonomie: spezielle Studien</subfield>
            <subfield code="2">idsuzh VJ</subfield>
         </datafield>
         <datafield tag="909" ind1=" " ind2="7">
            <subfield code="a">MedeaSOZARCH</subfield>
            <subfield code="2">nebis ER</subfield>
         </datafield>
         <datafield tag="950" ind1=" " ind2=" ">
            <subfield code="B">NEBIS</subfield>
            <subfield code="P">100</subfield>
            <subfield code="E">1-</subfield>
            <subfield code="a">Stapelfeldt</subfield>
            <subfield code="D">Gerhard</subfield>
         </datafield>
         <datafield tag="950" ind1=" " ind2=" ">
            <subfield code="B">NEBIS</subfield>
            <subfield code="P">490</subfield>
            <subfield code="E">--</subfield>
            <subfield code="a">Campus. Forschung</subfield>
            <subfield code="v">Bd. 107</subfield>
            <subfield code="i">107</subfield>
            <subfield code="w">(NEBIS)000061527</subfield>
            <subfield code="9">277992176</subfield>
         </datafield>
         <datafield tag="950" ind1=" " ind2=" ">
            <subfield code="B">IDSBB</subfield>
            <subfield code="P">100</subfield>
            <subfield code="E">1-</subfield>
            <subfield code="a">Stapelfeldt</subfield>
            <subfield code="D">Gerhard</subfield>
            <subfield code="d">1947-</subfield>
            <subfield code="0">(DE-588)132710358</subfield>
         </datafield>
         <datafield tag="950" ind1=" " ind2=" ">
            <subfield code="B">IDSBB</subfield>
            <subfield code="P">490</subfield>
            <subfield code="E">0-</subfield>
            <subfield code="a">Campus Forschung</subfield>
            <subfield code="v">Bd. 107</subfield>
            <subfield code="i">107</subfield>
         </datafield>
         <datafield tag="986" ind1=" " ind2=" ">
            <subfield code="a">SWISSBIB</subfield>
            <subfield code="b">267780486</subfield>
         </datafield>
         <datafield tag="898" ind1=" " ind2=" ">
            <subfield code="a">BK020000</subfield>
            <subfield code="b">XK020000</subfield>
            <subfield code="c">XK020000</subfield>
         </datafield>
         
         
         
         
         
      <datafield tag="690" ind1="H" ind2="D">
	    	<subfield code="8">YC</subfield>
	    	<subfield code="a">Wirtschaftswissenschaften : Wirtschaftstheorie, einschliesslich Geldtheorie</subfield>
	    	<subfield code="2">HSG-IFF</subfield>
	    </datafield></record>