<record xmlns:xs="http://www.w3.org/2001/XMLSchema">
         <leader>     cam a22     u  4500</leader>
         <controlfield tag="001">515922129</controlfield>
         <controlfield tag="003">CHVBK</controlfield>
         <controlfield tag="005">20180702100311.0</controlfield>
         <controlfield tag="008">180630s1997    gw     | mm   00   |ger|d</controlfield>
         <datafield tag="015" ind1=" " ind2=" ">
            <subfield code="a">97,N17,0166</subfield>
         </datafield>
         <datafield tag="020" ind1=" " ind2=" ">
            <subfield code="a">3-89161-717-8 (kart.)</subfield>
         </datafield>
         <datafield tag="035" ind1=" " ind2=" ">
            <subfield code="a">(NEBIS)001776324</subfield>
         </datafield>
         <datafield tag="035" ind1=" " ind2=" ">
            <subfield code="a">(IDSSG)000991448</subfield>
         </datafield>
         <datafield tag="040" ind1=" " ind2=" ">
            <subfield code="a">ZBZ</subfield>
            <subfield code="b">ger</subfield>
            <subfield code="c">ETH-BIB</subfield>
            <subfield code="e">ETHICS-ISBD</subfield>
         <subfield code="d">SzZuIDS HSG</subfield></datafield>
         <datafield tag="100" ind1="1" ind2=" ">
            <subfield code="a">Künne</subfield>
            <subfield code="D">Thomas</subfield>
         </datafield>
         <datafield tag="245" ind1="1" ind2="4">
            <subfield code="a">Die effektive Steuerbelastung von Investitionen auf dem europäischen Binnenmarkt</subfield>
            <subfield code="b">Rechtsvergleich und Methodik einer Steuerwirkungsanalyse, dargestellt am Beispiel der Mitgliedstaaten Deutschland, Frankreich, Grossbritannien und den Niederlanden</subfield>
            <subfield code="c">von Thomas Künne</subfield>
         </datafield>
         <datafield tag="260" ind1=" " ind2=" ">
            <subfield code="a">Hamburg</subfield>
            <subfield code="b">S + W, Steuer- und Wirtschaftsverlag</subfield>
            <subfield code="c">1997</subfield>
         </datafield>
         <datafield tag="300" ind1=" " ind2=" ">
            <subfield code="a">XXXIII, 318 S.</subfield>
            <subfield code="b">Ill., Tab.</subfield>
         </datafield>
         <datafield tag="490" ind1="0" ind2=" ">
            <subfield code="a">Schriften zum Steuer-, Rechnungs- und Prüfungswesen</subfield>
            <subfield code="v">Band 17</subfield>
            <subfield code="i">17</subfield>
            <subfield code="w">(NEBIS)000973865</subfield>
            <subfield code="9">366767054</subfield>
         </datafield>
         <datafield tag="502" ind1=" " ind2=" ">
            <subfield code="a">Zugl.: Ueberarb. Diss., Univ. Hannover, 1995</subfield>
         </datafield>
         <datafield tag="504" ind1=" " ind2=" ">
            <subfield code="a">Literaturverz.</subfield>
         </datafield>
         <datafield tag="610" ind1="2" ind2="7">
            <subfield code="a">Europäische Union</subfield>
            <subfield code="2">idszbz</subfield>
         </datafield>
         <datafield tag="610" ind1="2" ind2="7">
            <subfield code="a">Europäische Union</subfield>
            <subfield code="0">(DE-588)5098525-5</subfield>
            <subfield code="2">gnd</subfield>
         </datafield>
         <datafield tag="650" ind1=" " ind2="7">
            <subfield code="a">Binnenmarkt</subfield>
            <subfield code="2">idszbz</subfield>
         </datafield>
         <datafield tag="650" ind1=" " ind2="7">
            <subfield code="a">Direktinvestition</subfield>
            <subfield code="2">idszbz</subfield>
         </datafield>
         <datafield tag="650" ind1=" " ind2="7">
            <subfield code="a">Rechtsvergleichung</subfield>
            <subfield code="2">idszbz</subfield>
         </datafield>
         <datafield tag="650" ind1=" " ind2="7">
            <subfield code="a">Steuerrecht</subfield>
            <subfield code="2">idszbz</subfield>
         </datafield>
         <datafield tag="650" ind1=" " ind2="7">
            <subfield code="a">Steuerwirkung</subfield>
            <subfield code="2">idszbz</subfield>
         </datafield>
         <datafield tag="650" ind1=" " ind2="7">
            <subfield code="a">Binnenmarkt</subfield>
            <subfield code="0">(DE-588)4145576-9</subfield>
            <subfield code="2">gnd</subfield>
         </datafield>
         <datafield tag="650" ind1=" " ind2="7">
            <subfield code="a">Direktinvestition</subfield>
            <subfield code="0">(DE-588)4070496-8</subfield>
            <subfield code="2">gnd</subfield>
         </datafield>
         <datafield tag="650" ind1=" " ind2="7">
            <subfield code="a">Internationaler Vergleich</subfield>
            <subfield code="0">(DE-588)4120509-1</subfield>
            <subfield code="2">gnd</subfield>
         </datafield>
         <datafield tag="650" ind1=" " ind2="7">
            <subfield code="a">Investition</subfield>
            <subfield code="0">(DE-588)4027556-5</subfield>
            <subfield code="2">gnd</subfield>
         </datafield>
         <datafield tag="650" ind1=" " ind2="7">
            <subfield code="a">Mitgliedsstaaten</subfield>
            <subfield code="0">(DE-588)4170174-4</subfield>
            <subfield code="2">gnd</subfield>
         </datafield>
         <datafield tag="650" ind1=" " ind2="7">
            <subfield code="a">Rechtsvergleich</subfield>
            <subfield code="0">(DE-588)4115712-6</subfield>
            <subfield code="2">gnd</subfield>
         </datafield>
         <datafield tag="650" ind1=" " ind2="7">
            <subfield code="a">Steuerbelastung</subfield>
            <subfield code="0">(DE-588)4129062-8</subfield>
            <subfield code="2">gnd</subfield>
         </datafield>
         <datafield tag="650" ind1=" " ind2="7">
            <subfield code="a">Steuerrecht</subfield>
            <subfield code="0">(DE-588)4116614-0</subfield>
            <subfield code="2">gnd</subfield>
         </datafield>
         <datafield tag="650" ind1=" " ind2="7">
            <subfield code="a">Steuerwirkung</subfield>
            <subfield code="0">(DE-588)4183235-8</subfield>
            <subfield code="2">gnd</subfield>
         </datafield>
         <datafield tag="690" ind1=" " ind2="7">
            <subfield code="B">u</subfield>
            <subfield code="u">TD</subfield>
            <subfield code="a">Sep. 06 Finanz- und Steuerpolitik (Finanzreform) : Sep. 06 Ausland</subfield>
            <subfield code="2">idssg HD</subfield>
         </datafield>
         <datafield tag="908" ind1=" " ind2=" ">
            <subfield code="D">1</subfield>
            <subfield code="a">Hochschulschrift = Thèse/Mémoire</subfield>
         </datafield>
         <datafield tag="912" ind1=" " ind2="7">
            <subfield code="a">M176</subfield>
            <subfield code="2">Z01</subfield>
         </datafield>
         <datafield tag="950" ind1=" " ind2=" ">
            <subfield code="B">NEBIS</subfield>
            <subfield code="P">100</subfield>
            <subfield code="E">1-</subfield>
            <subfield code="a">Künne</subfield>
            <subfield code="D">Thomas</subfield>
         </datafield>
         <datafield tag="950" ind1=" " ind2=" ">
            <subfield code="B">NEBIS</subfield>
            <subfield code="P">490</subfield>
            <subfield code="E">--</subfield>
            <subfield code="a">Schriften zum Steuer-, Rechnungs- und Prüfungswesen</subfield>
            <subfield code="v">Band 17</subfield>
            <subfield code="i">17</subfield>
            <subfield code="w">(NEBIS)000973865</subfield>
            <subfield code="9">366767054</subfield>
         </datafield>
         <datafield tag="950" ind1=" " ind2=" ">
            <subfield code="B">IDSSG</subfield>
            <subfield code="P">100</subfield>
            <subfield code="E">1-</subfield>
            <subfield code="a">Künne</subfield>
            <subfield code="D">Thomas</subfield>
            <subfield code="e">Verfasser</subfield>
            <subfield code="4">aut</subfield>
         </datafield>
         <datafield tag="898" ind1=" " ind2=" ">
            <subfield code="a">BK020300</subfield>
            <subfield code="b">XK020000</subfield>
            <subfield code="c">XK020000</subfield>
         </datafield>
         <datafield tag="898" ind1=" " ind2=" ">
            <subfield code="a">BK020000</subfield>
            <subfield code="b">XK020000</subfield>
            <subfield code="c">XK020000</subfield>
         </datafield>
         
         
      <datafield tag="690" ind1="H" ind2="D">
	    	<subfield code="8">TD</subfield>
	    	<subfield code="a">Sep. 06 Finanz- und Steuerpolitik (Finanzreform) : Sep. 06 Ausland</subfield>
	    	<subfield code="2">HSG-IFF</subfield>
	    </datafield></record>