<record xmlns:xs="http://www.w3.org/2001/XMLSchema">
         <leader>     cam a22     u  4500</leader>
         <controlfield tag="001">127792031</controlfield>
         <controlfield tag="003">CHVBK</controlfield>
         <controlfield tag="005">20160813065447.0</controlfield>
         <controlfield tag="008">880210s1978    gw     |      00   |ger|d</controlfield>
         <datafield tag="020" ind1=" " ind2=" ">
            <subfield code="a">3-445-01856-1</subfield>
         </datafield>
         <datafield tag="035" ind1=" " ind2=" ">
            <subfield code="a">(OCoLC)605055205</subfield>
         </datafield>
         <datafield tag="035" ind1=" " ind2=" ">
            <subfield code="a">(NEBIS)000148641</subfield>
         </datafield>
         <datafield tag="040" ind1=" " ind2=" ">
            <subfield code="a">ETH-BIB</subfield>
            <subfield code="b">ger</subfield>
            <subfield code="c">ETH-BIB</subfield>
            <subfield code="e">ETHICS-ISBD</subfield>
         <subfield code="d">SzZuIDS HSG</subfield></datafield>
         <datafield tag="082" ind1="0" ind2="4">
            <subfield code="a">354/.43</subfield>
         </datafield>
         <datafield tag="245" ind1="0" ind2="0">
            <subfield code="a">Aktuelle Probleme der planenden Verwaltung</subfield>
            <subfield code="c">Hg.: Jörn Erdmann, Hans Wilhelm Hetzler, Helmut Klages</subfield>
         </datafield>
         <datafield tag="260" ind1=" " ind2=" ">
            <subfield code="a">Meisenheim am Glan</subfield>
            <subfield code="b">Hain</subfield>
            <subfield code="c">1978</subfield>
         </datafield>
         <datafield tag="300" ind1=" " ind2=" ">
            <subfield code="a">118 S.</subfield>
            <subfield code="b">Fig.</subfield>
         </datafield>
         <datafield tag="490" ind1="0" ind2=" ">
            <subfield code="a">Werkstattpapiere zur Analyse und Planung gesellschaftlicher Veränderunge</subfield>
            <subfield code="v">9</subfield>
            <subfield code="i">9</subfield>
            <subfield code="w">(NEBIS)000026774</subfield>
            <subfield code="9">268421048</subfield>
         </datafield>
         <datafield tag="650" ind1=" " ind2="7">
            <subfield code="a">Planung</subfield>
            <subfield code="0">(DE-588)4046235-3</subfield>
            <subfield code="2">gnd</subfield>
         </datafield>
         <datafield tag="650" ind1=" " ind2="7">
            <subfield code="a">Politische Planung</subfield>
            <subfield code="0">(DE-588)4115587-7</subfield>
            <subfield code="2">gnd</subfield>
         </datafield>
         <datafield tag="650" ind1=" " ind2="7">
            <subfield code="a">Verwaltung</subfield>
            <subfield code="0">(DE-588)4063317-2</subfield>
            <subfield code="2">gnd</subfield>
         </datafield>
         <datafield tag="650" ind1=" " ind2="0">
            <subfield code="a">Planning</subfield>
         </datafield>
         <datafield tag="651" ind1=" " ind2="0">
            <subfield code="a">Germany (West)</subfield>
            <subfield code="x">Politics and government</subfield>
         </datafield>
         <datafield tag="691" ind1=" " ind2="7">
            <subfield code="B">u</subfield>
            <subfield code="a">ÖFFENTLICHE VERWALTUNG</subfield>
            <subfield code="z">ger</subfield>
            <subfield code="u">35</subfield>
            <subfield code="2">nebis E1</subfield>
         </datafield>
         <datafield tag="691" ind1=" " ind2="7">
            <subfield code="B">u</subfield>
            <subfield code="a">RAUMPLANUNG (GEBAUTE UMWELT)</subfield>
            <subfield code="z">ger</subfield>
            <subfield code="u">711</subfield>
            <subfield code="2">nebis E1</subfield>
         </datafield>
         <datafield tag="691" ind1=" " ind2="7">
            <subfield code="B">u</subfield>
            <subfield code="a">ADMINISTRATION PUBLIQUE</subfield>
            <subfield code="z">fre</subfield>
            <subfield code="u">35</subfield>
            <subfield code="2">nebis E1</subfield>
         </datafield>
         <datafield tag="691" ind1=" " ind2="7">
            <subfield code="B">u</subfield>
            <subfield code="a">PUBLIC ADMINISTRATION</subfield>
            <subfield code="z">eng</subfield>
            <subfield code="u">35</subfield>
            <subfield code="2">nebis E1</subfield>
         </datafield>
         <datafield tag="691" ind1=" " ind2="7">
            <subfield code="B">u</subfield>
            <subfield code="a">PHYSICAL PLANNING (BUILT ENVIRONMENT)</subfield>
            <subfield code="z">eng</subfield>
            <subfield code="u">711</subfield>
            <subfield code="2">nebis E1</subfield>
         </datafield>
         <datafield tag="691" ind1=" " ind2="7">
            <subfield code="B">u</subfield>
            <subfield code="a">AMÉNAGEMENT DU TERRITOIRE (ENVIRONNEMENT CONSTRUIT)</subfield>
            <subfield code="z">fre</subfield>
            <subfield code="u">711</subfield>
            <subfield code="2">nebis E1</subfield>
         </datafield>
         <datafield tag="700" ind1="1" ind2=" ">
            <subfield code="a">Erdmann</subfield>
            <subfield code="D">Jörn</subfield>
         </datafield>
         <datafield tag="909" ind1=" " ind2="7">
            <subfield code="a">MedeaZBZ</subfield>
            <subfield code="e">bisg</subfield>
            <subfield code="2">idszbz ZR</subfield>
         </datafield>
         <datafield tag="950" ind1=" " ind2=" ">
            <subfield code="B">NEBIS</subfield>
            <subfield code="P">490</subfield>
            <subfield code="E">--</subfield>
            <subfield code="a">Werkstattpapiere zur Analyse und Planung gesellschaftlicher Veränderunge</subfield>
            <subfield code="v">9</subfield>
            <subfield code="i">9</subfield>
            <subfield code="w">(NEBIS)000026774</subfield>
            <subfield code="9">268421048</subfield>
         </datafield>
         <datafield tag="950" ind1=" " ind2=" ">
            <subfield code="B">NEBIS</subfield>
            <subfield code="P">700</subfield>
            <subfield code="E">1-</subfield>
            <subfield code="a">Erdmann</subfield>
            <subfield code="D">Jörn</subfield>
         </datafield>
         <datafield tag="898" ind1=" " ind2=" ">
            <subfield code="a">BK020000</subfield>
            <subfield code="b">XK020000</subfield>
            <subfield code="c">XK020000</subfield>
         </datafield>
         
         
         
      <datafield tag="690" ind1="H" ind2="D">
	    	<subfield code="8">YQ</subfield>
	    	<subfield code="a">Wirtschaftswissenschaften : Spezielle Betriebswirtschaftslehren</subfield>
	    	<subfield code="2">HSG-IFF</subfield>
	    </datafield></record>