<record xmlns:xs="http://www.w3.org/2001/XMLSchema">
         <leader>     cam a22     u  4500</leader>
         <controlfield tag="001">267027400</controlfield>
         <controlfield tag="003">CHVBK</controlfield>
         <controlfield tag="005">20190130071634.0</controlfield>
         <controlfield tag="008">130817s1961    gw       m    00    ger d</controlfield>
         <datafield tag="019" ind1=" " ind2=" ">
            <subfield code="a">!!! Recatalogage sommaire BCU!!!</subfield>
            <subfield code="5">MOCA 1989</subfield>
         </datafield>
         <datafield tag="024" ind1="7" ind2=" ">
            <subfield code="a">U 61.2575</subfield>
            <subfield code="2">local</subfield>
         </datafield>
         <datafield tag="035" ind1=" " ind2=" ">
            <subfield code="a">(IDSBB)000720279</subfield>
         </datafield>
         <datafield tag="035" ind1=" " ind2=" ">
            <subfield code="a">(NEBIS)007997099</subfield>
         </datafield>
         <datafield tag="035" ind1=" " ind2=" ">
            <subfield code="a">(NEBIS)007284271</subfield>
         </datafield>
         <datafield tag="035" ind1=" " ind2=" ">
            <subfield code="a">(RERO)1177044</subfield>
         </datafield>
         <datafield tag="035" ind1=" " ind2=" ">
            <subfield code="a">(VAUD)991017053909702852</subfield>
         </datafield>
         <datafield tag="035" ind1=" " ind2=" ">
            <subfield code="a">(IDSSG)000991470</subfield>
         </datafield>
         <datafield tag="035" ind1=" " ind2=" ">
            <subfield code="a">(OCoLC)720307366</subfield>
         </datafield>
         <datafield tag="035" ind1=" " ind2=" ">
            <subfield code="a">(RNV)001075010-41bculausa_network</subfield>
         </datafield>
         <datafield tag="035" ind1=" " ind2=" ">
            <subfield code="a">(RERO)001075010</subfield>
         </datafield>
         <datafield tag="035" ind1=" " ind2=" ">
            <subfield code="a">1177044</subfield>
         </datafield>
         <datafield tag="035" ind1=" " ind2=" ">
            <subfield code="a">(EXLNZ-41BCULAUSA_NETWORK)991004910779702851</subfield>
         </datafield>
         <datafield tag="040" ind1=" " ind2=" ">
            <subfield code="a">SzZuIDS BS/BE A100</subfield>
            <subfield code="b">ger</subfield>
            <subfield code="e">kids</subfield>
         <subfield code="d">SzZuIDS HSG</subfield></datafield>
         <datafield tag="072" ind1=" " ind2="7">
            <subfield code="a">s1se</subfield>
            <subfield code="2">rero</subfield>
         </datafield>
         <datafield tag="084" ind1=" " ind2=" ">
            <subfield code="a">PN 344</subfield>
            <subfield code="2">rvk</subfield>
         </datafield>
         <datafield tag="084" ind1=" " ind2=" ">
            <subfield code="a">PN 347</subfield>
            <subfield code="2">rvk</subfield>
         </datafield>
         <datafield tag="084" ind1=" " ind2=" ">
            <subfield code="a">QL 700</subfield>
            <subfield code="2">rvk</subfield>
         </datafield>
         <datafield tag="100" ind1="1" ind2=" ">
            <subfield code="a">Winkler</subfield>
            <subfield code="D">Ernst-Günter</subfield>
         </datafield>
         <datafield tag="245" ind1="1" ind2="0">
            <subfield code="a">Aufgaben und Grenzen der gemeindlichen Kreditnahme</subfield>
            <subfield code="b">ein Beitrag zur Frage der grundsätzlichen Unterschiede zwischen staatlicher und gemeindlicher Verschuldung</subfield>
            <subfield code="c">Ernst-Günter Winkler</subfield>
         </datafield>
         <datafield tag="264" ind1=" " ind2="1">
            <subfield code="a">Berlin[West-] [etc.]</subfield>
            <subfield code="b">Duncker und Humblot</subfield>
            <subfield code="c">1961</subfield>
         </datafield>
         <datafield tag="300" ind1=" " ind2=" ">
            <subfield code="a">114 S.</subfield>
            <subfield code="c">8'</subfield>
         </datafield>
         <datafield tag="490" ind1="1" ind2=" ">
            <subfield code="a">Schriftenreihe des Ifo-Instituts für Wirtschaftsforschung</subfield>
            <subfield code="v">Nr. 45</subfield>
            <subfield code="i">45</subfield>
            <subfield code="w">(IDSBB)000018514</subfield>
            <subfield code="9">270030379</subfield>
         </datafield>
         <datafield tag="500" ind1=" " ind2=" ">
            <subfield code="a">Auch im Buchh. als: Schriftenreihe d. IFO-Instituts f. Wirtschaftsforschung. Nr 45 bei: Duncker &amp; Humblot, Berlin, München</subfield>
         </datafield>
         <datafield tag="502" ind1=" " ind2=" ">
            <subfield code="a">Zugl.: Diss. Erlangen</subfield>
         </datafield>
         <datafield tag="650" ind1=" " ind2="7">
            <subfield code="a">Debt Management</subfield>
            <subfield code="0">(DE-588)4121127-3</subfield>
            <subfield code="2">gnd</subfield>
         </datafield>
         <datafield tag="650" ind1=" " ind2="7">
            <subfield code="a">Gemeinde</subfield>
            <subfield code="0">(DE-588)4019956-3</subfield>
            <subfield code="2">gnd</subfield>
         </datafield>
         <datafield tag="650" ind1=" " ind2="7">
            <subfield code="a">Kommunalkredit</subfield>
            <subfield code="0">(DE-588)4164796-8</subfield>
            <subfield code="2">gnd</subfield>
         </datafield>
         <datafield tag="650" ind1=" " ind2="7">
            <subfield code="a">Öffentliche Schulden</subfield>
            <subfield code="0">(DE-588)4043153-8</subfield>
            <subfield code="2">gnd</subfield>
         </datafield>
         <datafield tag="650" ind1=" " ind2="0">
            <subfield code="a">Credit</subfield>
         </datafield>
         <datafield tag="655" ind1=" " ind2="7">
            <subfield code="a">Hochschulschrift</subfield>
            <subfield code="2">gnd-content</subfield>
         </datafield>
         <datafield tag="690" ind1=" " ind2="7">
            <subfield code="B">u</subfield>
            <subfield code="a">H 7</subfield>
            <subfield code="d">State and local government, intergovernmental relations = Staatliche und lokale Regierungen, interjurisdiktionale Beziehungen</subfield>
            <subfield code="2">idsuzh VJ</subfield>
         </datafield>
         <datafield tag="690" ind1=" " ind2="7">
            <subfield code="B">u</subfield>
            <subfield code="a">H 6</subfield>
            <subfield code="d">National budget, deficit and debt = Staatsbudget, Staatsdefizit und Staatsschulden</subfield>
            <subfield code="2">idsuzh VJ</subfield>
         </datafield>
         <datafield tag="690" ind1=" " ind2="7">
            <subfield code="B">u</subfield>
            <subfield code="u">YL2</subfield>
            <subfield code="a">Wirtschaftswissenschaften : Finanzwissenschaft. Betriebswirtschaftliche Steuerlehre : Haushaltsaufstellung, -verwaltung und -kontrolle</subfield>
            <subfield code="2">idssg HD</subfield>
         </datafield>
         <datafield tag="690" ind1=" " ind2="7">
            <subfield code="B">u</subfield>
            <subfield code="u">YL7</subfield>
            <subfield code="a">Wirtschaftswissenschaften : Finanzwissenschaft. Betriebswirtschaftliche Steuerlehre : Finanzpolitik. Fiscal Policy. Finanzwirtschaft und Finanzpolitik einzelner Länder</subfield>
            <subfield code="2">idssg HD</subfield>
         </datafield>
         <datafield tag="830" ind1=" " ind2="0">
            <subfield code="a">Schriftenreihe des IFO-Instituts für Wirtschaftsforschung</subfield>
            <subfield code="v">45</subfield>
         </datafield>
         <datafield tag="908" ind1=" " ind2=" ">
            <subfield code="D">1</subfield>
            <subfield code="a">Hochschulschrift = Thèse/Mémoire</subfield>
         </datafield>
         <datafield tag="909" ind1=" " ind2="7">
            <subfield code="a">MedeaZBZDiss</subfield>
            <subfield code="2">idszbz ZR</subfield>
         </datafield>
         <datafield tag="912" ind1=" " ind2="7">
            <subfield code="a">wi</subfield>
            <subfield code="2">SzZuIDS BS/BE</subfield>
         </datafield>
         <datafield tag="950" ind1=" " ind2=" ">
            <subfield code="B">IDSBB</subfield>
            <subfield code="P">100</subfield>
            <subfield code="E">1-</subfield>
            <subfield code="a">Winkler</subfield>
            <subfield code="D">Ernst-Günter</subfield>
         </datafield>
         <datafield tag="950" ind1=" " ind2=" ">
            <subfield code="B">IDSBB</subfield>
            <subfield code="P">490</subfield>
            <subfield code="E">0-</subfield>
            <subfield code="a">Schriftenreihe des Ifo-Instituts für Wirtschaftsforschung</subfield>
            <subfield code="v">Nr. 45</subfield>
            <subfield code="i">45</subfield>
            <subfield code="w">(IDSBB)000018514</subfield>
            <subfield code="9">270030379</subfield>
         </datafield>
         <datafield tag="950" ind1=" " ind2=" ">
            <subfield code="B">NEBIS</subfield>
            <subfield code="P">490</subfield>
            <subfield code="E">--</subfield>
            <subfield code="a">Schriftenreihe des Ifo-Instituts für Wirtschaftsforschung</subfield>
            <subfield code="v">Nr. 45</subfield>
            <subfield code="i">45</subfield>
            <subfield code="w">(NEBIS)000058740</subfield>
            <subfield code="9">270030379</subfield>
         </datafield>
         <datafield tag="950" ind1=" " ind2=" ">
            <subfield code="B">NEBIS</subfield>
            <subfield code="P">100</subfield>
            <subfield code="E">1-</subfield>
            <subfield code="a">Winkler</subfield>
            <subfield code="D">Ernst-Günter</subfield>
         </datafield>
         <datafield tag="950" ind1=" " ind2=" ">
            <subfield code="B">RERO</subfield>
            <subfield code="P">100</subfield>
            <subfield code="E">1-</subfield>
            <subfield code="a">Winkler</subfield>
            <subfield code="D">Ernst-Günter</subfield>
         </datafield>
         <datafield tag="950" ind1=" " ind2=" ">
            <subfield code="B">RERO</subfield>
            <subfield code="P">490</subfield>
            <subfield code="E">1-</subfield>
            <subfield code="a">Schriftenreihe des IFO-Instituts für Wirtschaftsforschung</subfield>
            <subfield code="v">Nr. 45</subfield>
         </datafield>
         <datafield tag="950" ind1=" " ind2=" ">
            <subfield code="B">RERO</subfield>
            <subfield code="P">830</subfield>
            <subfield code="E">--</subfield>
            <subfield code="a">Schriftenreihe des IFO-Instituts für Wirtschaftsforschung</subfield>
            <subfield code="v">45</subfield>
         </datafield>
         <datafield tag="950" ind1=" " ind2=" ">
            <subfield code="B">VAUD</subfield>
            <subfield code="P">100</subfield>
            <subfield code="E">1-</subfield>
            <subfield code="a">Winkler</subfield>
            <subfield code="D">Ernst-Günter</subfield>
         </datafield>
         <datafield tag="950" ind1=" " ind2=" ">
            <subfield code="B">VAUD</subfield>
            <subfield code="P">490</subfield>
            <subfield code="E">1-</subfield>
            <subfield code="a">Schriftenreihe des IFO-Instituts für Wirtschaftsforschung</subfield>
            <subfield code="v">Nr. 45</subfield>
         </datafield>
         <datafield tag="950" ind1=" " ind2=" ">
            <subfield code="B">VAUD</subfield>
            <subfield code="P">830</subfield>
            <subfield code="E">--</subfield>
            <subfield code="a">Schriftenreihe des IFO-Instituts für Wirtschaftsforschung</subfield>
            <subfield code="v">45</subfield>
         </datafield>
         <datafield tag="950" ind1=" " ind2=" ">
            <subfield code="B">IDSSG</subfield>
            <subfield code="P">100</subfield>
            <subfield code="E">1-</subfield>
            <subfield code="a">Winkler</subfield>
            <subfield code="D">Ernst-Günter</subfield>
            <subfield code="e">Verfasser</subfield>
            <subfield code="4">aut</subfield>
         </datafield>
         <datafield tag="898" ind1=" " ind2=" ">
            <subfield code="a">BK020300</subfield>
            <subfield code="b">XK020000</subfield>
            <subfield code="c">XK020000</subfield>
         </datafield>
         <datafield tag="898" ind1=" " ind2=" ">
            <subfield code="a">BK020000</subfield>
            <subfield code="b">XK020000</subfield>
            <subfield code="c">XK020000</subfield>
         </datafield>
         
         
         
         
         
         
         
      <datafield tag="690" ind1="H" ind2="D">
	    	<subfield code="8">YL2</subfield>
	    	<subfield code="a">Wirtschaftswissenschaften : Finanzwissenschaft. Betriebswirtschaftliche Steuerlehre : Haushaltsaufstellung, -verwaltung und -kontrolle</subfield>
	    	<subfield code="2">HSG-IFF</subfield>
	    </datafield><datafield tag="690" ind1="H" ind2="D">
    		<subfield code="8">YL7</subfield>
    		<subfield code="a">Wirtschaftswissenschaften : Finanzwissenschaft. Betriebswirtschaftliche Steuerlehre : Finanzpolitik. Fiscal Policy. Finanzwirtschaft und Finanzpolitik einzelner Länder</subfield>
    		<subfield code="2">HSG-IFF</subfield>
    	</datafield></record>