<record xmlns:xs="http://www.w3.org/2001/XMLSchema">
         <leader>     cam a22        4500</leader>
         <controlfield tag="001">43370750X</controlfield>
         <controlfield tag="003">CHVBK</controlfield>
         <controlfield tag="005">20170126003726.0</controlfield>
         <controlfield tag="008">981103s1995    sz            10    fre d</controlfield>
         <datafield tag="035" ind1=" " ind2=" ">
            <subfield code="a">(VAUD)991016076739702852</subfield>
         </datafield>
         <datafield tag="035" ind1=" " ind2=" ">
            <subfield code="a">(RNV)002387641-41bculausa_network</subfield>
         </datafield>
         <datafield tag="035" ind1=" " ind2=" ">
            <subfield code="a">(RERO)002387641</subfield>
         </datafield>
         <datafield tag="035" ind1=" " ind2=" ">
            <subfield code="a">R238764160</subfield>
         </datafield>
         <datafield tag="035" ind1=" " ind2=" ">
            <subfield code="a">(EXLNZ-41BCULAUSA_NETWORK)991020296079702851</subfield>
         </datafield>
         <datafield tag="040" ind1=" " ind2=" ">
            <subfield code="a">RERO labcur</subfield>
         <subfield code="d">SzZuIDS HSG</subfield></datafield>
         <datafield tag="041" ind1="0" ind2=" ">
            <subfield code="a">fre</subfield>
            <subfield code="a">ger</subfield>
         </datafield>
         <datafield tag="044" ind1=" " ind2=" ">
            <subfield code="a">sz</subfield>
            <subfield code="c">ch-be</subfield>
         </datafield>
         <datafield tag="072" ind1=" " ind2="7">
            <subfield code="a">s1sp</subfield>
            <subfield code="2">rero</subfield>
         </datafield>
         <datafield tag="245" ind1="0" ind2="0">
            <subfield code="a">Plaquette du jubilé</subfield>
            <subfield code="b">50 ans, [1945-1995], de la Conférence des autorités cantonales de surveillance des finances communales : jubilé commémoré le 25 août 1995 au Casino de Berne</subfield>
         </datafield>
         <datafield tag="246" ind1="3" ind2=" ">
            <subfield code="a">50 ans, 1945-1995, Conférence des autorités cantonales de surveillance des finances communales</subfield>
         </datafield>
         <datafield tag="246" ind1="3" ind2=" ">
            <subfield code="a">50 ans de la Conférence des autorités cantonales de surveillance des finances communales</subfield>
         </datafield>
         <datafield tag="260" ind1=" " ind2=" ">
            <subfield code="a">[Berne]</subfield>
            <subfield code="b">[Amt für Gemeinden und Raumordnung]</subfield>
            <subfield code="c">1995</subfield>
         </datafield>
         <datafield tag="300" ind1=" " ind2=" ">
            <subfield code="a">74 p.</subfield>
            <subfield code="c">30 cm</subfield>
         </datafield>
         <datafield tag="500" ind1=" " ind2=" ">
            <subfield code="a">Textes en français et allemand</subfield>
         </datafield>
         <datafield tag="583" ind1=" " ind2=" ">
            <subfield code="5">labcur RNB 1069</subfield>
            <subfield code="z">2</subfield>
         </datafield>
         <datafield tag="711" ind1="2" ind2=" ">
            <subfield code="a">Conférence des autorités cantonales de surveillance des finances communales</subfield>
            <subfield code="n">(20</subfield>
            <subfield code="d">1995</subfield>
            <subfield code="c">Bern)</subfield>
         </datafield>
         <datafield tag="950" ind1=" " ind2=" ">
            <subfield code="B">VAUD</subfield>
            <subfield code="P">711</subfield>
            <subfield code="E">2-</subfield>
            <subfield code="a">Conférence des autorités cantonales de surveillance des finances communales</subfield>
            <subfield code="n">(20</subfield>
            <subfield code="d">1995</subfield>
            <subfield code="c">Bern)</subfield>
         </datafield>
         <datafield tag="898" ind1=" " ind2=" ">
            <subfield code="a">BK020800</subfield>
            <subfield code="b">XK020000</subfield>
            <subfield code="c">XK020000</subfield>
         </datafield>
         
      <datafield tag="690" ind1="H" ind2="D">
	    	<subfield code="8">YL3</subfield>
	    	<subfield code="a">Wirtschaftswissenschaften : Finanzwissenschaft. Betriebswirtschaftliche Steuerlehre : Finanzwirtschaft untergeordneter Gebietskörperschaften</subfield>
	    	<subfield code="2">HSG-IFF</subfield>
	    </datafield><datafield tag="690" ind1="H" ind2="D">
    		<subfield code="8">YQ</subfield>
    		<subfield code="a">Wirtschaftswissenschaften : Spezielle Betriebswirtschaftslehren</subfield>
    		<subfield code="2">HSG-IFF</subfield>
    	</datafield></record>