<record xmlns:xs="http://www.w3.org/2001/XMLSchema">
         <leader>     cam a22     4  4500</leader>
         <controlfield tag="001">555289737</controlfield>
         <controlfield tag="003">CHVBK</controlfield>
         <controlfield tag="005">20190227043523.0</controlfield>
         <controlfield tag="008">110113s2010    ne       |||| 100 0 eng|d</controlfield>
         <datafield tag="020" ind1=" " ind2=" ">
            <subfield code="a">978-90-816475-2-6</subfield>
         </datafield>
         <datafield tag="035" ind1=" " ind2=" ">
            <subfield code="a">(OCoLC)745478464</subfield>
         </datafield>
         <datafield tag="035" ind1=" " ind2=" ">
            <subfield code="a">(IDSBB)007061451</subfield>
         </datafield>
         <datafield tag="040" ind1=" " ind2=" ">
            <subfield code="a">DEBBG</subfield>
            <subfield code="b">ger</subfield>
            <subfield code="c">DEBBG</subfield>
            <subfield code="d">GBVCP</subfield>
            <subfield code="d">OCLCQ</subfield>
            <subfield code="d">SzZuIDS BS/BE B464</subfield>
            <subfield code="e">rda</subfield>
         <subfield code="d">SzZuIDS HSG</subfield></datafield>
         <datafield tag="082" ind1="1" ind2=" ">
            <subfield code="a">340</subfield>
            <subfield code="2">15</subfield>
         </datafield>
         <datafield tag="084" ind1=" " ind2=" ">
            <subfield code="a">PP 6906</subfield>
            <subfield code="2">rvk</subfield>
         </datafield>
         <datafield tag="084" ind1=" " ind2=" ">
            <subfield code="a">86.10</subfield>
            <subfield code="2">bcl</subfield>
         </datafield>
         <datafield tag="084" ind1=" " ind2=" ">
            <subfield code="a">86.73</subfield>
            <subfield code="2">bcl</subfield>
         </datafield>
         <datafield tag="084" ind1=" " ind2=" ">
            <subfield code="a">86.88</subfield>
            <subfield code="2">bcl</subfield>
         </datafield>
         <datafield tag="084" ind1=" " ind2=" ">
            <subfield code="a">PP 8040</subfield>
            <subfield code="2">rvk</subfield>
         </datafield>
         <datafield tag="100" ind1="1" ind2=" ">
            <subfield code="a">Achatz</subfield>
            <subfield code="D">Markus</subfield>
            <subfield code="d">1960-</subfield>
            <subfield code="0">(DE-588)111638712</subfield>
            <subfield code="e">Verfasser</subfield>
            <subfield code="4">aut</subfield>
         </datafield>
         <datafield tag="245" ind1="1" ind2="0">
            <subfield code="a">Mutual assistance and information exchange</subfield>
            <subfield code="b">2009 EATLP Congress, Santiago de Compostela 4-6 June 2009</subfield>
            <subfield code="c">Roman Seer and Isabel Gabert (editors &amp; general reporters) ; contributors: Markus Achatz [und viele weitere]</subfield>
         </datafield>
         <datafield tag="264" ind1=" " ind2="1">
            <subfield code="a">[Amsterdam]</subfield>
            <subfield code="b">European Association of Tax Law Professors and authors</subfield>
            <subfield code="c">[2010]</subfield>
         </datafield>
         <datafield tag="300" ind1=" " ind2=" ">
            <subfield code="a">600 Seiten</subfield>
         </datafield>
         <datafield tag="336" ind1=" " ind2=" ">
            <subfield code="a">Text</subfield>
            <subfield code="b">txt</subfield>
            <subfield code="2">rdacontent/ger</subfield>
         </datafield>
         <datafield tag="337" ind1=" " ind2=" ">
            <subfield code="a">ohne Hilfsmittel zu benutzen</subfield>
            <subfield code="b">n</subfield>
            <subfield code="2">rdamedia/ger</subfield>
         </datafield>
         <datafield tag="338" ind1=" " ind2=" ">
            <subfield code="a">Band</subfield>
            <subfield code="b">nc</subfield>
            <subfield code="2">rdacarrier/ger</subfield>
         </datafield>
         <datafield tag="490" ind1="0" ind2=" ">
            <subfield code="a">EATLP international tax series</subfield>
            <subfield code="v">volume 8</subfield>
            <subfield code="w">(IDSBB)006151814</subfield>
            <subfield code="i">8</subfield>
            <subfield code="9">288972961</subfield>
         </datafield>
         <datafield tag="610" ind1="2" ind2="7">
            <subfield code="a">Europäische Union</subfield>
            <subfield code="0">(DE-588)5098525-5</subfield>
            <subfield code="2">gnd</subfield>
         </datafield>
         <datafield tag="650" ind1=" " ind2="7">
            <subfield code="a">Besteuerungsverfahren</subfield>
            <subfield code="0">(DE-588)4006066-4</subfield>
            <subfield code="2">gnd</subfield>
         </datafield>
         <datafield tag="650" ind1=" " ind2="7">
            <subfield code="a">Grenzüberschreitende Kooperation</subfield>
            <subfield code="0">(DE-588)4194363-6</subfield>
            <subfield code="2">gnd</subfield>
         </datafield>
         <datafield tag="650" ind1=" " ind2="7">
            <subfield code="a">Informationsaustausch</subfield>
            <subfield code="0">(DE-588)4131113-9</subfield>
            <subfield code="2">gnd</subfield>
         </datafield>
         <datafield tag="650" ind1=" " ind2="7">
            <subfield code="a">Internationale Amtshilfe</subfield>
            <subfield code="0">(DE-588)4308065-0</subfield>
            <subfield code="2">gnd</subfield>
         </datafield>
         <datafield tag="650" ind1=" " ind2="7">
            <subfield code="a">Internationales Steuerrecht</subfield>
            <subfield code="0">(DE-588)4027451-2</subfield>
            <subfield code="2">gnd</subfield>
         </datafield>
         <datafield tag="650" ind1=" " ind2="7">
            <subfield code="a">Mitgliedsstaaten</subfield>
            <subfield code="0">(DE-588)4170174-4</subfield>
            <subfield code="2">gnd</subfield>
         </datafield>
         <datafield tag="650" ind1=" " ind2="7">
            <subfield code="a">Steuerrecht</subfield>
            <subfield code="0">(DE-588)4116614-0</subfield>
            <subfield code="2">gnd</subfield>
         </datafield>
         <datafield tag="650" ind1=" " ind2="0">
            <subfield code="a">Tax administration and procedure</subfield>
            <subfield code="x">International cooperation</subfield>
            <subfield code="v">Congresses</subfield>
         </datafield>
         <datafield tag="650" ind1=" " ind2="0">
            <subfield code="a">Tax collection</subfield>
            <subfield code="x">International cooperation</subfield>
            <subfield code="v">Congresses</subfield>
         </datafield>
         <datafield tag="650" ind1=" " ind2="0">
            <subfield code="a">Tax havens</subfield>
            <subfield code="v">Congresses</subfield>
         </datafield>
         <datafield tag="650" ind1=" " ind2="0">
            <subfield code="a">Taxation</subfield>
            <subfield code="x">Law and legislation</subfield>
            <subfield code="z">European Union countries</subfield>
            <subfield code="v">Congresses</subfield>
         </datafield>
         <datafield tag="655" ind1=" " ind2="7">
            <subfield code="a">Konferenzschrift</subfield>
            <subfield code="2">gnd-content</subfield>
         </datafield>
         <datafield tag="655" ind1=" " ind2="7">
            <subfield code="a">Konferenzschrift</subfield>
            <subfield code="z">Santiago de Compostela</subfield>
            <subfield code="y">2009</subfield>
            <subfield code="2">gnd-content</subfield>
         </datafield>
         <datafield tag="700" ind1="1" ind2=" ">
            <subfield code="a">Seer</subfield>
            <subfield code="D">Roman</subfield>
            <subfield code="d">1960-</subfield>
            <subfield code="0">(DE-588)12017975X</subfield>
            <subfield code="e">Verfasser</subfield>
            <subfield code="e">Herausgeber</subfield>
            <subfield code="4">aut</subfield>
            <subfield code="4">edt</subfield>
         </datafield>
         <datafield tag="700" ind1="1" ind2=" ">
            <subfield code="a">Gabert</subfield>
            <subfield code="D">Isabel</subfield>
            <subfield code="d">1979-</subfield>
            <subfield code="0">(DE-588)1011451387</subfield>
            <subfield code="e">Verfasser</subfield>
            <subfield code="e">Herausgeber</subfield>
            <subfield code="4">aut</subfield>
            <subfield code="4">edt</subfield>
         </datafield>
         <datafield tag="711" ind1="2" ind2=" ">
            <subfield code="a">EATLP Congress</subfield>
            <subfield code="d">(2009</subfield>
            <subfield code="c">Santiago de Compostela)</subfield>
         </datafield>
         <datafield tag="852" ind1="4" ind2=" ">
            <subfield code="B">IDSBB</subfield>
            <subfield code="F">C001</subfield>
            <subfield code="j">- -</subfield>
            <subfield code="a">-</subfield>
         </datafield>
         <datafield tag="856" ind1=" " ind2=" ">
            <subfield code="u">http://bvbr.bib-bvb.de:8991/F?func=service&amp;doc_library=BVB01&amp;local_base=BVB01&amp;doc_number=020870802&amp;line_number=0001&amp;func_code=DB_RECORDS&amp;service_type=MEDIA</subfield>
            <subfield code="z">Inhaltsverzeichnis</subfield>
         </datafield>
         <datafield tag="898" ind1=" " ind2=" ">
            <subfield code="a">BK020800</subfield>
            <subfield code="b">XK020000</subfield>
            <subfield code="c">XK020000</subfield>
         </datafield>
         <datafield tag="950" ind1=" " ind2=" ">
            <subfield code="B">IDSBB</subfield>
            <subfield code="P">100</subfield>
            <subfield code="E">1-</subfield>
            <subfield code="a">Achatz</subfield>
            <subfield code="D">Markus</subfield>
            <subfield code="d">1960-</subfield>
            <subfield code="0">(DE-588)111638712</subfield>
            <subfield code="e">Verfasser</subfield>
            <subfield code="4">aut</subfield>
         </datafield>
         <datafield tag="950" ind1=" " ind2=" ">
            <subfield code="B">IDSBB</subfield>
            <subfield code="P">490</subfield>
            <subfield code="E">0-</subfield>
            <subfield code="a">EATLP international tax series</subfield>
            <subfield code="v">volume 8</subfield>
            <subfield code="w">(IDSBB)006151814</subfield>
            <subfield code="i">8</subfield>
            <subfield code="9">288972961</subfield>
         </datafield>
         <datafield tag="950" ind1=" " ind2=" ">
            <subfield code="B">IDSBB</subfield>
            <subfield code="P">700</subfield>
            <subfield code="E">1-</subfield>
            <subfield code="a">Seer</subfield>
            <subfield code="D">Roman</subfield>
            <subfield code="d">1960-</subfield>
            <subfield code="0">(DE-588)12017975X</subfield>
            <subfield code="e">Verfasser</subfield>
            <subfield code="e">Herausgeber</subfield>
            <subfield code="4">aut</subfield>
            <subfield code="4">edt</subfield>
         </datafield>
         <datafield tag="950" ind1=" " ind2=" ">
            <subfield code="B">IDSBB</subfield>
            <subfield code="P">700</subfield>
            <subfield code="E">1-</subfield>
            <subfield code="a">Gabert</subfield>
            <subfield code="D">Isabel</subfield>
            <subfield code="d">1979-</subfield>
            <subfield code="0">(DE-588)1011451387</subfield>
            <subfield code="e">Verfasser</subfield>
            <subfield code="e">Herausgeber</subfield>
            <subfield code="4">aut</subfield>
            <subfield code="4">edt</subfield>
         </datafield>
         <datafield tag="950" ind1=" " ind2=" ">
            <subfield code="B">IDSBB</subfield>
            <subfield code="P">711</subfield>
            <subfield code="E">2-</subfield>
            <subfield code="a">EATLP Congress</subfield>
            <subfield code="d">(2009</subfield>
            <subfield code="c">Santiago de Compostela)</subfield>
         </datafield>
         <datafield tag="950" ind1=" " ind2=" ">
            <subfield code="B">IDSBB</subfield>
            <subfield code="P">856</subfield>
            <subfield code="E">--</subfield>
            <subfield code="u">http://bvbr.bib-bvb.de:8991/F?func=service&amp;doc_library=BVB01&amp;local_base=BVB01&amp;doc_number=020870802&amp;line_number=0001&amp;func_code=DB_RECORDS&amp;service_type=MEDIA</subfield>
            <subfield code="z">Inhaltsverzeichnis</subfield>
         </datafield>
      <datafield tag="690" ind1="H" ind2="D">
	    	<subfield code="8">LC</subfield>
	    	<subfield code="a">Interkantonales/Internationales Steuerrecht : Internationales Steuerrecht</subfield>
	    	<subfield code="2">HSG-IFF</subfield>
	    </datafield></record>