<record xmlns:xs="http://www.w3.org/2001/XMLSchema">
         <leader>     cam a22     1  4500</leader>
         <controlfield tag="001">284196320</controlfield>
         <controlfield tag="003">CHVBK</controlfield>
         <controlfield tag="005">20190116071822.0</controlfield>
         <controlfield tag="008">130819s1968    sz           s00    ger d</controlfield>
         <datafield tag="020" ind1=" " ind2=" ">
            <subfield code="c">Fr.5.-.</subfield>
         </datafield>
         <datafield tag="035" ind1=" " ind2=" ">
            <subfield code="a">(SNL)991010385559703976</subfield>
         </datafield>
         <datafield tag="035" ind1=" " ind2=" ">
            <subfield code="a">(ALEX)9912875844101791</subfield>
         </datafield>
         <datafield tag="035" ind1=" " ind2=" ">
            <subfield code="a">(Sz)391900-41snl_51</subfield>
         </datafield>
         <datafield tag="035" ind1=" " ind2=" ">
            <subfield code="a">(Sz)vtls000391900</subfield>
         </datafield>
         <datafield tag="035" ind1=" " ind2=" ">
            <subfield code="a">(Sz)000391900</subfield>
         </datafield>
         <datafield tag="040" ind1=" " ind2=" ">
            <subfield code="a">Sz</subfield>
            <subfield code="c">SAZ</subfield>
         <subfield code="d">SzZuIDS HSG</subfield></datafield>
         <datafield tag="110" ind1="1" ind2=" ">
            <subfield code="a">Kanton Bern</subfield>
            <subfield code="b">Statistisches Bureau</subfield>
            <subfield code="0">(DE-588)2028445-7</subfield>
         </datafield>
         <datafield tag="245" ind1="1" ind2="4">
            <subfield code="a">Die Gemeindeausgaben 1966 in der Agglomeration Bern</subfield>
         </datafield>
         <datafield tag="260" ind1=" " ind2=" ">
            <subfield code="a">Bern</subfield>
            <subfield code="b">Komm. Stauffacher</subfield>
            <subfield code="c">1968.</subfield>
         </datafield>
         <datafield tag="300" ind1=" " ind2=" ">
            <subfield code="a">I, IV, 35 Bl. vervielf.</subfield>
            <subfield code="c">4.</subfield>
         </datafield>
         <datafield tag="490" ind1="1" ind2=" ">
            <subfield code="a">Sonderhefte des Statistischen Bureaus des Kantons Bern</subfield>
            <subfield code="v">13</subfield>
         </datafield>
         <datafield tag="690" ind1=" " ind2="7">
            <subfield code="B">s</subfield>
            <subfield code="a">Öffentliche Finanzen</subfield>
            <subfield code="2">alex voc11</subfield>
         </datafield>
         <datafield tag="690" ind1=" " ind2="7">
            <subfield code="B">g</subfield>
            <subfield code="a">Bern (Kanton)</subfield>
            <subfield code="2">alex voc11</subfield>
         </datafield>
         <datafield tag="830" ind1=" " ind2="0">
            <subfield code="a">Sonderhefte des Statistischen Bureaus des Kantons Bern</subfield>
            <subfield code="v">13</subfield>
         </datafield>
         <datafield tag="950" ind1=" " ind2=" ">
            <subfield code="B">SNL</subfield>
            <subfield code="P">110</subfield>
            <subfield code="E">1-</subfield>
            <subfield code="a">Kanton Bern</subfield>
            <subfield code="b">Statistisches Bureau</subfield>
            <subfield code="0">(DE-588)2028445-7</subfield>
         </datafield>
         <datafield tag="950" ind1=" " ind2=" ">
            <subfield code="B">SNL</subfield>
            <subfield code="P">490</subfield>
            <subfield code="E">1-</subfield>
            <subfield code="a">Sonderhefte des Statistischen Bureaus des Kantons Bern</subfield>
            <subfield code="v">13</subfield>
         </datafield>
         <datafield tag="950" ind1=" " ind2=" ">
            <subfield code="B">SNL</subfield>
            <subfield code="P">830</subfield>
            <subfield code="E">--</subfield>
            <subfield code="a">Sonderhefte des Statistischen Bureaus des Kantons Bern</subfield>
            <subfield code="v">13</subfield>
         </datafield>
         <datafield tag="950" ind1=" " ind2=" ">
            <subfield code="B">ALEX</subfield>
            <subfield code="P">490</subfield>
            <subfield code="E">1-</subfield>
            <subfield code="a">Sonderhefte des Statistischen Bureaus des Kantons Bern</subfield>
            <subfield code="v">13</subfield>
         </datafield>
         <datafield tag="950" ind1=" " ind2=" ">
            <subfield code="B">ALEX</subfield>
            <subfield code="P">710</subfield>
            <subfield code="E">2-</subfield>
            <subfield code="a">Bern (Kanton)</subfield>
            <subfield code="b">Statistisches Bureau</subfield>
         </datafield>
         <datafield tag="950" ind1=" " ind2=" ">
            <subfield code="B">ALEX</subfield>
            <subfield code="P">830</subfield>
            <subfield code="E">--</subfield>
            <subfield code="a">Sonderhefte des Statistischen Bureaus des Kantons Bern</subfield>
            <subfield code="v">13</subfield>
         </datafield>
         <datafield tag="898" ind1=" " ind2=" ">
            <subfield code="a">BK020000</subfield>
            <subfield code="b">XK020000</subfield>
            <subfield code="c">XK020000</subfield>
         </datafield>
         
         
      <datafield tag="690" ind1="H" ind2="D">
	    	<subfield code="8">YY</subfield>
	    	<subfield code="a">Wirtschaftswissenschaften : Regionale Wirtschaftspolitik. Stadtplanung</subfield>
	    	<subfield code="2">HSG-IFF</subfield>
	    </datafield></record>