<record xmlns:xs="http://www.w3.org/2001/XMLSchema">
         <leader>     cam a22     u  4500</leader>
         <controlfield tag="001">186794843</controlfield>
         <controlfield tag="003">CHVBK</controlfield>
         <controlfield tag="005">20181215032106.0</controlfield>
         <controlfield tag="008">940621s1985    xxud          001 0 eng  </controlfield>
         <datafield tag="020" ind1=" " ind2=" ">
            <subfield code="a">0-669-10899-5</subfield>
         </datafield>
         <datafield tag="035" ind1=" " ind2=" ">
            <subfield code="a">(OCoLC)695019157</subfield>
         </datafield>
         <datafield tag="035" ind1=" " ind2=" ">
            <subfield code="a">(NEBIS)007860699</subfield>
         </datafield>
         <datafield tag="040" ind1=" " ind2=" ">
            <subfield code="a">SzZuIDS NEBIS UZH</subfield>
         <subfield code="d">SzZuIDS HSG</subfield></datafield>
         <datafield tag="245" ind1="0" ind2="2">
            <subfield code="a">a dance along the precipice</subfield>
            <subfield code="b">the political and economic dimensions of the international debt problem</subfield>
            <subfield code="c">ed. by William N. Eskridge, Jr</subfield>
         </datafield>
         <datafield tag="260" ind1=" " ind2=" ">
            <subfield code="a">Lexington, Mass. &lt;etc.&gt;</subfield>
            <subfield code="b">Lexington Books</subfield>
            <subfield code="c">1985</subfield>
         </datafield>
         <datafield tag="300" ind1=" " ind2=" ">
            <subfield code="a">XXXII, 286 S.</subfield>
            <subfield code="b">Fig., Tab.</subfield>
         </datafield>
         <datafield tag="690" ind1=" " ind2="7">
            <subfield code="B">u</subfield>
            <subfield code="a">F 0</subfield>
            <subfield code="d">INTERNATIONAL ECONOMICS = INTERNATIONALE ÖKONOMIE. General = allgemein</subfield>
            <subfield code="2">idsuzh VJ</subfield>
         </datafield>
         <datafield tag="690" ind1=" " ind2="7">
            <subfield code="B">u</subfield>
            <subfield code="a">H 6</subfield>
            <subfield code="d">National budget, deficit and debt = Staatsbudget, Staatsdefizit und Staatsschulden</subfield>
            <subfield code="2">idsuzh VJ</subfield>
         </datafield>
         <datafield tag="690" ind1=" " ind2="7">
            <subfield code="B">u</subfield>
            <subfield code="a">O 2</subfield>
            <subfield code="d">Development planning and policy = Entwicklungsplanung und Entwicklungspolitik</subfield>
            <subfield code="2">idsuzh VJ</subfield>
         </datafield>
         <datafield tag="700" ind1="1" ind2=" ">
            <subfield code="a">Eskridge</subfield>
            <subfield code="D">William N.</subfield>
            <subfield code="d">1951-</subfield>
            <subfield code="0">(DE-588)133076482</subfield>
         </datafield>
         <datafield tag="950" ind1=" " ind2=" ">
            <subfield code="B">NEBIS</subfield>
            <subfield code="P">700</subfield>
            <subfield code="E">1-</subfield>
            <subfield code="a">Eskridge</subfield>
            <subfield code="D">William N.</subfield>
            <subfield code="d">1951-</subfield>
            <subfield code="0">(DE-588)133076482</subfield>
         </datafield>
         <datafield tag="986" ind1=" " ind2=" ">
            <subfield code="a">SWISSBIB</subfield>
            <subfield code="b">186794843</subfield>
         </datafield>
         <datafield tag="898" ind1=" " ind2=" ">
            <subfield code="a">BK020000</subfield>
            <subfield code="b">XK020000</subfield>
            <subfield code="c">XK020000</subfield>
         </datafield>
         
      <datafield tag="690" ind1="H" ind2="D">
	    	<subfield code="8">YK</subfield>
	    	<subfield code="a">Wirtschaftswissenschaften : Geld, Kredit- und Bankwesen. Bankbetriebslehre : Haushaltsaufstellung, -verwaltung und -kontrolle</subfield>
	    	<subfield code="2">HSG-IFF</subfield>
	    </datafield></record>