<record xmlns:xs="http://www.w3.org/2001/XMLSchema">
         <leader>     cam a22     2  4500</leader>
         <controlfield tag="001">278153895</controlfield>
         <controlfield tag="003">CHVBK</controlfield>
         <controlfield tag="005">20181102054557.0</controlfield>
         <controlfield tag="008">130818s1980    gw |||||||||| 00   |ger d</controlfield>
         <datafield tag="020" ind1=" " ind2=" ">
            <subfield code="a">3-593-32765-1</subfield>
         </datafield>
         <datafield tag="035" ind1=" " ind2=" ">
            <subfield code="a">(NEBIS)003289252</subfield>
         </datafield>
         <datafield tag="035" ind1=" " ind2=" ">
            <subfield code="a">(IDSBB)000107094</subfield>
         </datafield>
         <datafield tag="035" ind1=" " ind2=" ">
            <subfield code="a">(RERO)R248907260</subfield>
         </datafield>
         <datafield tag="040" ind1=" " ind2=" ">
            <subfield code="a">SzZuIDS BS/BE</subfield>
            <subfield code="d">SzZuIDS NEBIS ZBZ</subfield>
         <subfield code="d">SzZuIDS HSG</subfield></datafield>
         <datafield tag="072" ind1=" " ind2="7">
            <subfield code="a">s1se</subfield>
            <subfield code="2">rero</subfield>
         </datafield>
         <datafield tag="082" ind1="0" ind2="4">
            <subfield code="a">330/.092/4</subfield>
            <subfield code="a">B</subfield>
            <subfield code="2">19</subfield>
         </datafield>
         <datafield tag="082" ind1="0" ind2="4">
            <subfield code="a">B</subfield>
            <subfield code="2">19</subfield>
         </datafield>
         <datafield tag="084" ind1=" " ind2=" ">
            <subfield code="a">QE 800</subfield>
            <subfield code="2">rvk</subfield>
         </datafield>
         <datafield tag="100" ind1="1" ind2=" ">
            <subfield code="a">Heilmann</subfield>
            <subfield code="D">Martin</subfield>
         </datafield>
         <datafield tag="245" ind1="1" ind2="0">
            <subfield code="a">Adolph Wagner</subfield>
            <subfield code="b">ein deutscher Nationalökonom im Urteil der Zeit : Probleme seiner biographischen und theoriegeschichtlichen Würdigung im Lichte neuer Quellen</subfield>
            <subfield code="c">Martin Heilmann</subfield>
         </datafield>
         <datafield tag="260" ind1=" " ind2=" ">
            <subfield code="a">Frankfurt (Main)</subfield>
            <subfield code="b">Campus Verl.</subfield>
            <subfield code="c">1980</subfield>
         </datafield>
         <datafield tag="300" ind1=" " ind2=" ">
            <subfield code="a">197 S.</subfield>
            <subfield code="b">Ill.</subfield>
         </datafield>
         <datafield tag="490" ind1="1" ind2=" ">
            <subfield code="a">Campus Forschung</subfield>
            <subfield code="v">Bd. 160</subfield>
            <subfield code="i">160</subfield>
            <subfield code="w">(NEBIS)000061527</subfield>
            <subfield code="9">277992176</subfield>
         </datafield>
         <datafield tag="600" ind1="1" ind2="7">
            <subfield code="a">Wagner, Adolph</subfield>
            <subfield code="d">1835-1917</subfield>
            <subfield code="0">(DE-588)118628208</subfield>
            <subfield code="2">gnd</subfield>
         </datafield>
         <datafield tag="600" ind1="1" ind2="0">
            <subfield code="a">Wagner, Adolph</subfield>
            <subfield code="d">1835-1917</subfield>
         </datafield>
         <datafield tag="600" ind1="1" ind2="7">
            <subfield code="a">Wagner, Adolph</subfield>
            <subfield code="d">1835-1917</subfield>
            <subfield code="2">idsbb</subfield>
         </datafield>
         <datafield tag="600" ind1="1" ind2="7">
            <subfield code="a">Wagner, Adolph</subfield>
            <subfield code="2">rero</subfield>
         </datafield>
         <datafield tag="650" ind1=" " ind2="7">
            <subfield code="a">Geschichte</subfield>
            <subfield code="0">(DE-588)4020517-4</subfield>
            <subfield code="2">gnd</subfield>
         </datafield>
         <datafield tag="650" ind1=" " ind2="7">
            <subfield code="a">Volkswirtschaft</subfield>
            <subfield code="0">(DE-588)4063885-6</subfield>
            <subfield code="2">gnd</subfield>
         </datafield>
         <datafield tag="650" ind1=" " ind2="0">
            <subfield code="a">Economists</subfield>
         </datafield>
         <datafield tag="650" ind1=" " ind2="0">
            <subfield code="a">Economists</subfield>
            <subfield code="z">Germany</subfield>
            <subfield code="v">Biography</subfield>
         </datafield>
         <datafield tag="830" ind1=" " ind2="0">
            <subfield code="a">Campus Forschung = Campus research</subfield>
            <subfield code="v">160</subfield>
         </datafield>
         <datafield tag="909" ind1=" " ind2="7">
            <subfield code="a">MedeaZBZ</subfield>
            <subfield code="b">SWK</subfield>
            <subfield code="2">idszbz ZR</subfield>
         </datafield>
         <datafield tag="912" ind1=" " ind2="7">
            <subfield code="a">vw</subfield>
            <subfield code="2">SzZuIDS BS/BE</subfield>
         </datafield>
         <datafield tag="950" ind1=" " ind2=" ">
            <subfield code="B">NEBIS</subfield>
            <subfield code="P">100</subfield>
            <subfield code="E">1-</subfield>
            <subfield code="a">Heilmann</subfield>
            <subfield code="D">Martin</subfield>
         </datafield>
         <datafield tag="950" ind1=" " ind2=" ">
            <subfield code="B">NEBIS</subfield>
            <subfield code="P">490</subfield>
            <subfield code="E">--</subfield>
            <subfield code="a">Campus Forschung</subfield>
            <subfield code="v">Bd. 160</subfield>
            <subfield code="i">160</subfield>
            <subfield code="w">(NEBIS)000061527</subfield>
            <subfield code="9">277992176</subfield>
         </datafield>
         <datafield tag="950" ind1=" " ind2=" ">
            <subfield code="B">IDSBB</subfield>
            <subfield code="P">100</subfield>
            <subfield code="E">1-</subfield>
            <subfield code="a">Heilmann</subfield>
            <subfield code="D">Martin</subfield>
            <subfield code="d">1943-</subfield>
            <subfield code="0">(DE-588)122842987</subfield>
         </datafield>
         <datafield tag="950" ind1=" " ind2=" ">
            <subfield code="B">IDSBB</subfield>
            <subfield code="P">490</subfield>
            <subfield code="E">0-</subfield>
            <subfield code="a">Campus Forschung</subfield>
            <subfield code="v">Bd. 160</subfield>
            <subfield code="i">160</subfield>
         </datafield>
         <datafield tag="950" ind1=" " ind2=" ">
            <subfield code="B">RERO</subfield>
            <subfield code="P">100</subfield>
            <subfield code="E">1-</subfield>
            <subfield code="a">Heilmann</subfield>
            <subfield code="D">Martin</subfield>
         </datafield>
         <datafield tag="950" ind1=" " ind2=" ">
            <subfield code="B">RERO</subfield>
            <subfield code="P">490</subfield>
            <subfield code="E">1-</subfield>
            <subfield code="a">Campus Forschung</subfield>
            <subfield code="v">Bd. 160</subfield>
         </datafield>
         <datafield tag="950" ind1=" " ind2=" ">
            <subfield code="B">RERO</subfield>
            <subfield code="P">830</subfield>
            <subfield code="E">--</subfield>
            <subfield code="a">Campus Forschung = Campus research</subfield>
            <subfield code="v">160</subfield>
         </datafield>
         <datafield tag="986" ind1=" " ind2=" ">
            <subfield code="a">SWISSBIB</subfield>
            <subfield code="b">278153895</subfield>
         </datafield>
         <datafield tag="898" ind1=" " ind2=" ">
            <subfield code="a">BK020000</subfield>
            <subfield code="b">XK020000</subfield>
            <subfield code="c">XK020000</subfield>
         </datafield>
         
         
         
      <datafield tag="690" ind1="H" ind2="D">
	    	<subfield code="8">YC</subfield>
	    	<subfield code="a">Wirtschaftswissenschaften : Wirtschaftstheorie, einschliesslich Geldtheorie</subfield>
	    	<subfield code="2">HSG-IFF</subfield>
	    </datafield></record>