<record xmlns:xs="http://www.w3.org/2001/XMLSchema">
         <leader>     cam a22     4  4500</leader>
         <controlfield tag="001">323952496</controlfield>
         <controlfield tag="003">CHVBK</controlfield>
         <controlfield tag="005">20180702093628.0</controlfield>
         <controlfield tag="008">140924s1992    au            00    ger  </controlfield>
         <datafield tag="015" ind1=" " ind2=" ">
            <subfield code="a">92,N35,0138</subfield>
         </datafield>
         <datafield tag="020" ind1=" " ind2=" ">
            <subfield code="a">3-901260-02-1</subfield>
         </datafield>
         <datafield tag="035" ind1=" " ind2=" ">
            <subfield code="a">(LIBIB)000090232</subfield>
         </datafield>
         <datafield tag="035" ind1=" " ind2=" ">
            <subfield code="a">(NEBIS)001235636</subfield>
         </datafield>
         <datafield tag="035" ind1=" " ind2=" ">
            <subfield code="a">(IDSSG)000991555</subfield>
         </datafield>
         <datafield tag="040" ind1=" " ind2=" ">
            <subfield code="a">LI-VaLIL FLLB</subfield>
         <subfield code="d">SzZuIDS HSG</subfield></datafield>
         <datafield tag="100" ind1="1" ind2=" ">
            <subfield code="a">Kapl</subfield>
            <subfield code="D">Helmut</subfield>
         </datafield>
         <datafield tag="245" ind1="1" ind2="4">
            <subfield code="a">Die internationale Pension mit Steuersystemen</subfield>
            <subfield code="b">Leistungen, Beiträge und Besteuerung der Betriebs-, Sozialversicherungs- und Eigenvorsorgepension in 15 Industriestaaten</subfield>
            <subfield code="c">Helmut Kapl</subfield>
         </datafield>
         <datafield tag="260" ind1=" " ind2=" ">
            <subfield code="a">Wien</subfield>
            <subfield code="b">Ueberreuter</subfield>
            <subfield code="c">1992</subfield>
         </datafield>
         <datafield tag="300" ind1=" " ind2=" ">
            <subfield code="a">263 S.</subfield>
            <subfield code="b">Ill.</subfield>
         </datafield>
         <datafield tag="490" ind1="0" ind2=" ">
            <subfield code="a">Ueberreuter Wirtschaft</subfield>
            <subfield code="w">(LIBIB)000148406</subfield>
            <subfield code="9">273500708</subfield>
         </datafield>
         <datafield tag="504" ind1=" " ind2=" ">
            <subfield code="a">Literaturverz.</subfield>
         </datafield>
         <datafield tag="650" ind1=" " ind2="7">
            <subfield code="a">Internationaler Vergleich</subfield>
            <subfield code="2">idszbz</subfield>
         </datafield>
         <datafield tag="650" ind1=" " ind2="7">
            <subfield code="a">Rente</subfield>
            <subfield code="2">idszbz</subfield>
         </datafield>
         <datafield tag="650" ind1=" " ind2="7">
            <subfield code="a">Altersversorgung</subfield>
            <subfield code="0">(DE-588)4001479-4</subfield>
            <subfield code="2">gnd</subfield>
         </datafield>
         <datafield tag="650" ind1=" " ind2="7">
            <subfield code="a">Arbeitnehmer</subfield>
            <subfield code="0">(DE-588)4002623-1</subfield>
            <subfield code="2">gnd</subfield>
         </datafield>
         <datafield tag="650" ind1=" " ind2="7">
            <subfield code="a">Internationaler Vergleich</subfield>
            <subfield code="0">(DE-588)4120509-1</subfield>
            <subfield code="2">gnd</subfield>
         </datafield>
         <datafield tag="650" ind1=" " ind2="7">
            <subfield code="a">Internationales Recht</subfield>
            <subfield code="0">(DE-588)4027447-0</subfield>
            <subfield code="2">gnd</subfield>
         </datafield>
         <datafield tag="650" ind1=" " ind2="7">
            <subfield code="a">Internationales Steuerrecht</subfield>
            <subfield code="0">(DE-588)4027451-2</subfield>
            <subfield code="2">gnd</subfield>
         </datafield>
         <datafield tag="650" ind1=" " ind2="7">
            <subfield code="a">Steuer</subfield>
            <subfield code="0">(DE-588)4057399-0</subfield>
            <subfield code="2">gnd</subfield>
         </datafield>
         <datafield tag="650" ind1=" " ind2="7">
            <subfield code="a">Steuerrecht</subfield>
            <subfield code="0">(DE-588)4116614-0</subfield>
            <subfield code="2">gnd</subfield>
         </datafield>
         <datafield tag="650" ind1=" " ind2="7">
            <subfield code="a">Verzeichnis</subfield>
            <subfield code="0">(DE-588)4188171-0</subfield>
            <subfield code="2">gnd</subfield>
         </datafield>
         <datafield tag="650" ind1=" " ind2="0">
            <subfield code="a">Aliens</subfield>
            <subfield code="x">Taxation</subfield>
            <subfield code="x">Law and legislation</subfield>
            <subfield code="z">Europe</subfield>
            <subfield code="v">Outlines, syllabi, etc</subfield>
         </datafield>
         <datafield tag="650" ind1=" " ind2="0">
            <subfield code="a">Foreign workers</subfield>
            <subfield code="x">Legal status, laws, etc</subfield>
            <subfield code="z">Europe</subfield>
            <subfield code="v">Outlines, syllabi, etc</subfield>
         </datafield>
         <datafield tag="650" ind1=" " ind2="0">
            <subfield code="a">Foreign workers</subfield>
            <subfield code="x">Legal status, laws, etc</subfield>
            <subfield code="z">Europe</subfield>
            <subfield code="x">Outlines, syllabi, etc</subfield>
         </datafield>
         <datafield tag="650" ind1=" " ind2="0">
            <subfield code="a">Old age pensions</subfield>
            <subfield code="x">Law and legislation</subfield>
            <subfield code="z">Europe</subfield>
            <subfield code="v">Outlines, syllabi, etc</subfield>
         </datafield>
         <datafield tag="650" ind1=" " ind2="0">
            <subfield code="a">Social security taxes</subfield>
            <subfield code="x">Law and legislation</subfield>
            <subfield code="z">Europe</subfield>
            <subfield code="v">Outlines, syllabi, etc</subfield>
         </datafield>
         <datafield tag="651" ind1=" " ind2="7">
            <subfield code="a">Industriestaaten</subfield>
            <subfield code="2">idszbz</subfield>
         </datafield>
         <datafield tag="651" ind1=" " ind2="7">
            <subfield code="a">Industriestaaten</subfield>
            <subfield code="0">(DE-588)4026840-8</subfield>
            <subfield code="2">gnd</subfield>
         </datafield>
         <datafield tag="690" ind1=" " ind2="7">
            <subfield code="B">u</subfield>
            <subfield code="u">KA</subfield>
            <subfield code="a">Ausländisches Steuerrecht : Staatenverbände, Staatengruppen</subfield>
            <subfield code="2">idssg HD</subfield>
         </datafield>
         <datafield tag="691" ind1=" " ind2="7">
            <subfield code="B">u</subfield>
            <subfield code="u">336.2</subfield>
            <subfield code="a">Staatseinkommen</subfield>
            <subfield code="2">libib XD</subfield>
         </datafield>
         <datafield tag="912" ind1=" " ind2="7">
            <subfield code="a">rs</subfield>
            <subfield code="2">FL</subfield>
         </datafield>
         <datafield tag="912" ind1=" " ind2="7">
            <subfield code="a">M170</subfield>
            <subfield code="2">Z01</subfield>
         </datafield>
         <datafield tag="950" ind1=" " ind2=" ">
            <subfield code="B">LIBIB</subfield>
            <subfield code="P">100</subfield>
            <subfield code="E">1-</subfield>
            <subfield code="a">Kapl</subfield>
            <subfield code="D">Helmut</subfield>
         </datafield>
         <datafield tag="950" ind1=" " ind2=" ">
            <subfield code="B">LIBIB</subfield>
            <subfield code="P">490</subfield>
            <subfield code="E">--</subfield>
            <subfield code="a">Ueberreuter Wirtschaft</subfield>
            <subfield code="w">(LIBIB)000148406</subfield>
            <subfield code="9">273500708</subfield>
         </datafield>
         <datafield tag="950" ind1=" " ind2=" ">
            <subfield code="B">NEBIS</subfield>
            <subfield code="P">100</subfield>
            <subfield code="E">1-</subfield>
            <subfield code="a">Kapl</subfield>
            <subfield code="D">Helmut</subfield>
         </datafield>
         <datafield tag="950" ind1=" " ind2=" ">
            <subfield code="B">NEBIS</subfield>
            <subfield code="P">490</subfield>
            <subfield code="E">--</subfield>
            <subfield code="a">Ueberreuter-Wirtschaft</subfield>
         </datafield>
         <datafield tag="950" ind1=" " ind2=" ">
            <subfield code="B">NEBIS</subfield>
            <subfield code="P">700</subfield>
            <subfield code="E">1-</subfield>
            <subfield code="a">Biela</subfield>
            <subfield code="D">Karin</subfield>
         </datafield>
         <datafield tag="950" ind1=" " ind2=" ">
            <subfield code="B">IDSSG</subfield>
            <subfield code="P">100</subfield>
            <subfield code="E">1-</subfield>
            <subfield code="a">Kapl</subfield>
            <subfield code="D">Helmut</subfield>
            <subfield code="e">Verfasser</subfield>
            <subfield code="4">aut</subfield>
         </datafield>
         <datafield tag="898" ind1=" " ind2=" ">
            <subfield code="a">BK020000</subfield>
            <subfield code="b">XK020000</subfield>
            <subfield code="c">XK020000</subfield>
         </datafield>
         
         
         
      <datafield tag="690" ind1="H" ind2="D">
	    	<subfield code="8">KA</subfield>
	    	<subfield code="a">Ausländisches Steuerrecht : Staatenverbände, Staatengruppen</subfield>
	    	<subfield code="2">HSG-IFF</subfield>
	    </datafield></record>