<record xmlns:xs="http://www.w3.org/2001/XMLSchema">
         <leader>     caa a22        4500</leader>
         <controlfield tag="001">223456764</controlfield>
         <controlfield tag="003">CHVBK</controlfield>
         <controlfield tag="005">20170629154830.0</controlfield>
         <controlfield tag="008">000908s1976    sz            00    eng d</controlfield>
         <datafield tag="035" ind1=" " ind2=" ">
            <subfield code="a">(RERO)R263928260</subfield>
         </datafield>
         <datafield tag="040" ind1=" " ind2=" ">
            <subfield code="a">CH-MyRERO</subfield>
            <subfield code="d">CHVBK</subfield>
         <subfield code="d">SzZuIDS HSG</subfield></datafield>
         <datafield tag="072" ind1=" " ind2="7">
            <subfield code="a">s1se</subfield>
            <subfield code="2">rero</subfield>
         </datafield>
         <datafield tag="100" ind1="1" ind2=" ">
            <subfield code="a">Blattner</subfield>
            <subfield code="D">Niklaus</subfield>
         </datafield>
         <datafield tag="245" ind1="1" ind2="0">
            <subfield code="a">Corporate finance and income distribution in a growing economy</subfield>
            <subfield code="c">Niklaus Blattner</subfield>
         </datafield>
         <datafield tag="490" ind1="1" ind2=" ">
            <subfield code="a">Universität Basel, Institut für Sozialwissenschaften, Institut für angewandte Wirtschaftsforschung</subfield>
            <subfield code="v">Nr. 131</subfield>
         </datafield>
         <datafield tag="580" ind1=" " ind2=" ">
            <subfield code="a">In: Zeitschrift für Wirtschafts- und Sozialwissenschaften. - Berlin. - H. 3, 1976, p. 223-238</subfield>
         </datafield>
         <datafield tag="773" ind1="1" ind2=" ">
            <subfield code="t">Zeitschrift für Wirtschafts- und Sozialwissenschaften</subfield>
            <subfield code="g">1976/223</subfield>
         </datafield>
         <datafield tag="830" ind1=" " ind2="0">
            <subfield code="a">Universität Basel, Institut für Sozialwissenschaften, Institut für angewandte Wirtschaftsforschung</subfield>
            <subfield code="v">131</subfield>
         </datafield>
         <datafield tag="950" ind1=" " ind2=" ">
            <subfield code="B">RERO</subfield>
            <subfield code="P">100</subfield>
            <subfield code="E">1-</subfield>
            <subfield code="a">Blattner</subfield>
            <subfield code="D">Niklaus</subfield>
         </datafield>
         <datafield tag="950" ind1=" " ind2=" ">
            <subfield code="B">RERO</subfield>
            <subfield code="P">490</subfield>
            <subfield code="E">1-</subfield>
            <subfield code="a">Universität Basel, Institut für Sozialwissenschaften, Institut für angewandte Wirtschaftsforschung</subfield>
            <subfield code="v">Nr. 131</subfield>
         </datafield>
         <datafield tag="950" ind1=" " ind2=" ">
            <subfield code="B">RERO</subfield>
            <subfield code="P">773</subfield>
            <subfield code="E">1-</subfield>
            <subfield code="t">Zeitschrift für Wirtschafts- und Sozialwissenschaften</subfield>
            <subfield code="g">1976/223</subfield>
         </datafield>
         <datafield tag="950" ind1=" " ind2=" ">
            <subfield code="B">RERO</subfield>
            <subfield code="P">830</subfield>
            <subfield code="E">--</subfield>
            <subfield code="a">Universität Basel, Institut für Sozialwissenschaften, Institut für angewandte Wirtschaftsforschung</subfield>
            <subfield code="v">131</subfield>
         </datafield>
         <datafield tag="986" ind1=" " ind2=" ">
            <subfield code="a">SWISSBIB</subfield>
            <subfield code="b">223456764</subfield>
         </datafield>
         <datafield tag="898" ind1=" " ind2=" ">
            <subfield code="a">BK010000</subfield>
            <subfield code="b">XK010000</subfield>
            <subfield code="c">XK010000</subfield>
         </datafield>
         
      <datafield tag="690" ind1="H" ind2="D">
	    	<subfield code="8">YV</subfield>
	    	<subfield code="a">Wirtschaftswissenschaften : Arbeitnehmerfragen (Labor Economics)</subfield>
	    	<subfield code="2">HSG-IFF</subfield>
	    </datafield></record>