<record xmlns:xs="http://www.w3.org/2001/XMLSchema">
         <leader>     cam a22     u  4500</leader>
         <controlfield tag="001">142123110</controlfield>
         <controlfield tag="003">CHVBK</controlfield>
         <controlfield tag="005">20171024114641.0</controlfield>
         <controlfield tag="008">980227s1997    sz     |      00   |ger|d</controlfield>
         <datafield tag="035" ind1=" " ind2=" ">
            <subfield code="a">(OCoLC)75798078</subfield>
         </datafield>
         <datafield tag="035" ind1=" " ind2=" ">
            <subfield code="a">(NEBIS)001879490</subfield>
         </datafield>
         <datafield tag="040" ind1=" " ind2=" ">
            <subfield code="a">ZBZ</subfield>
            <subfield code="b">ger</subfield>
            <subfield code="c">ETH-BIB</subfield>
            <subfield code="e">ETHICS-ISBD</subfield>
         <subfield code="d">SzZuIDS HSG</subfield></datafield>
         <datafield tag="100" ind1="1" ind2=" ">
            <subfield code="a">Ruoss</subfield>
            <subfield code="D">Engelbert</subfield>
         </datafield>
         <datafield tag="245" ind1="1" ind2="0">
            <subfield code="a">Wirkungsorientierte Verwaltung in öffentlichen Museen</subfield>
            <subfield code="b">Hit oder Flop?</subfield>
            <subfield code="c">Engelbert Ruoss</subfield>
         </datafield>
         <datafield tag="260" ind1=" " ind2=" ">
            <subfield code="a">Solothurn</subfield>
            <subfield code="a">Luzern</subfield>
            <subfield code="b">ICOM-Schweiz</subfield>
            <subfield code="b">Natur-Museum</subfield>
            <subfield code="c">1997</subfield>
         </datafield>
         <datafield tag="300" ind1=" " ind2=" ">
            <subfield code="a">67 S.</subfield>
            <subfield code="b">Ill., Tab.</subfield>
         </datafield>
         <datafield tag="500" ind1=" " ind2=" ">
            <subfield code="a">Oben auf der Titelseite: ICOM-Schweiz [&amp;] Natur-Museum Luzern</subfield>
         </datafield>
         <datafield tag="504" ind1=" " ind2=" ">
            <subfield code="a">Literaturverz.</subfield>
         </datafield>
         <datafield tag="650" ind1=" " ind2="7">
            <subfield code="a">Museum</subfield>
            <subfield code="2">idszbz</subfield>
         </datafield>
         <datafield tag="650" ind1=" " ind2="7">
            <subfield code="a">Neues Steuerungsmodell</subfield>
            <subfield code="2">idszbz</subfield>
         </datafield>
         <datafield tag="650" ind1=" " ind2="7">
            <subfield code="a">Museumsverwaltung</subfield>
            <subfield code="0">(DE-588)4170788-6</subfield>
            <subfield code="2">gnd</subfield>
         </datafield>
         <datafield tag="650" ind1=" " ind2="7">
            <subfield code="a">Verwaltungsreform</subfield>
            <subfield code="0">(DE-588)4063353-6</subfield>
            <subfield code="2">gnd</subfield>
         </datafield>
         <datafield tag="655" ind1=" " ind2="7">
            <subfield code="a">Fallstudiensammlung</subfield>
            <subfield code="2">idszbz</subfield>
         </datafield>
         <datafield tag="690" ind1=" " ind2="7">
            <subfield code="B">u</subfield>
            <subfield code="a">Natur-Museum Luzern</subfield>
            <subfield code="2">nebis E2</subfield>
         </datafield>
         <datafield tag="691" ind1=" " ind2="7">
            <subfield code="B">u</subfield>
            <subfield code="a">MUSEUMSVERWALTUNG + MUSEUMSPLANUNG + MUSEUMSORGANISATION</subfield>
            <subfield code="z">ger</subfield>
            <subfield code="u">069.6</subfield>
            <subfield code="2">nebis E1</subfield>
         </datafield>
         <datafield tag="691" ind1=" " ind2="7">
            <subfield code="B">u</subfield>
            <subfield code="a">WIRKUNGSORIENTIERTE VERWALTUNGSFÜHRUNG + NEW PUBLIC MANAGEMENT</subfield>
            <subfield code="z">ger</subfield>
            <subfield code="u">65,02.02.1</subfield>
            <subfield code="2">nebis E1</subfield>
         </datafield>
         <datafield tag="691" ind1=" " ind2="7">
            <subfield code="B">u</subfield>
            <subfield code="a">FALLSTUDIEN (DOKUMENTENTYP)</subfield>
            <subfield code="z">ger</subfield>
            <subfield code="u">(078.7)</subfield>
            <subfield code="2">nebis E1</subfield>
         </datafield>
         <datafield tag="691" ind1=" " ind2="7">
            <subfield code="B">u</subfield>
            <subfield code="a">MUSEUM ORGANIZATION + MUSEUM MANAGEMENT + MUSEUM PLANNING</subfield>
            <subfield code="z">eng</subfield>
            <subfield code="u">069.6</subfield>
            <subfield code="2">nebis E1</subfield>
         </datafield>
         <datafield tag="691" ind1=" " ind2="7">
            <subfield code="B">u</subfield>
            <subfield code="a">ORGANISATION DES MUSÉES + ADMINISTRATION DES MUSÉES + GESTION DES MUSÉES</subfield>
            <subfield code="z">fre</subfield>
            <subfield code="u">069.6</subfield>
            <subfield code="2">nebis E1</subfield>
         </datafield>
         <datafield tag="691" ind1=" " ind2="7">
            <subfield code="B">u</subfield>
            <subfield code="a">NEW PUBLIC MANAGEMENT</subfield>
            <subfield code="z">eng</subfield>
            <subfield code="u">65,02.02.1</subfield>
            <subfield code="2">nebis E1</subfield>
         </datafield>
         <datafield tag="691" ind1=" " ind2="7">
            <subfield code="B">u</subfield>
            <subfield code="a">NOUVELLE GESTION PUBLIQUE + NEW PUBLIC MANAGEMENT</subfield>
            <subfield code="z">fre</subfield>
            <subfield code="u">65,02.02.1</subfield>
            <subfield code="2">nebis E1</subfield>
         </datafield>
         <datafield tag="691" ind1=" " ind2="7">
            <subfield code="B">u</subfield>
            <subfield code="a">CASE STUDIES (DOCUMENT TYPE)</subfield>
            <subfield code="z">eng</subfield>
            <subfield code="u">(078.7)</subfield>
            <subfield code="2">nebis E1</subfield>
         </datafield>
         <datafield tag="691" ind1=" " ind2="7">
            <subfield code="B">u</subfield>
            <subfield code="a">ÉTUDES DE CAS (TYPE DE DOCUMENT)</subfield>
            <subfield code="z">fre</subfield>
            <subfield code="u">(078.7)</subfield>
            <subfield code="2">nebis E1</subfield>
         </datafield>
         <datafield tag="710" ind1="2" ind2=" ">
            <subfield code="a">International Council of Museums</subfield>
            <subfield code="b">Schweizerisches Nationalkomitee</subfield>
            <subfield code="0">(DE-588)2052264-2</subfield>
         </datafield>
         <datafield tag="950" ind1=" " ind2=" ">
            <subfield code="B">NEBIS</subfield>
            <subfield code="P">100</subfield>
            <subfield code="E">1-</subfield>
            <subfield code="a">Ruoss</subfield>
            <subfield code="D">Engelbert</subfield>
         </datafield>
         <datafield tag="950" ind1=" " ind2=" ">
            <subfield code="B">NEBIS</subfield>
            <subfield code="P">710</subfield>
            <subfield code="E">2-</subfield>
            <subfield code="a">International Council of Museums</subfield>
            <subfield code="b">Schweizerisches Nationalkomitee</subfield>
            <subfield code="0">(DE-588)2052264-2</subfield>
         </datafield>
         <datafield tag="898" ind1=" " ind2=" ">
            <subfield code="a">BK020000</subfield>
            <subfield code="b">XK020000</subfield>
            <subfield code="c">XK020000</subfield>
         </datafield>
         
         
         
      <datafield tag="690" ind1="H" ind2="D">
	    	<subfield code="8">YQ</subfield>
	    	<subfield code="a">Wirtschaftswissenschaften : Spezielle Betriebswirtschaftslehren</subfield>
	    	<subfield code="2">HSG-IFF</subfield>
	    </datafield></record>