<record xmlns:xs="http://www.w3.org/2001/XMLSchema">
         <leader>     cam a22     4  4500</leader>
         <controlfield tag="001">12494342X</controlfield>
         <controlfield tag="003">CHVBK</controlfield>
         <controlfield tag="005">20170511030845.0</controlfield>
         <controlfield tag="008">001127s1969    sz            00    ger  </controlfield>
         <datafield tag="035" ind1=" " ind2=" ">
            <subfield code="a">(OCoLC)884710111</subfield>
         </datafield>
         <datafield tag="035" ind1=" " ind2=" ">
            <subfield code="a">(IDSBB)002216414</subfield>
         </datafield>
         <datafield tag="040" ind1=" " ind2=" ">
            <subfield code="a">SzZuIDS BS/BE B563</subfield>
            <subfield code="e">kids</subfield>
         <subfield code="d">SzZuIDS HSG</subfield></datafield>
         <datafield tag="100" ind1="1" ind2=" ">
            <subfield code="a">Buser</subfield>
            <subfield code="D">Walter</subfield>
            <subfield code="d">1926-</subfield>
            <subfield code="0">(DE-588)170450473</subfield>
         </datafield>
         <datafield tag="245" ind1="1" ind2="4">
            <subfield code="a">Die Rolle der Verwaltung und der Interessengruppen im Entscheidungsprozess in der Schweiz</subfield>
            <subfield code="c">W. Buser</subfield>
         </datafield>
         <datafield tag="264" ind1=" " ind2="1">
            <subfield code="a">[Erscheinungsort nicht ermittelbar]</subfield>
            <subfield code="b">[Verlag nicht ermittelbar]</subfield>
            <subfield code="c">1969</subfield>
         </datafield>
         <datafield tag="300" ind1=" " ind2=" ">
            <subfield code="a">23 S.</subfield>
         </datafield>
         <datafield tag="336" ind1=" " ind2=" ">
            <subfield code="a">Text</subfield>
            <subfield code="b">txt</subfield>
            <subfield code="2">rdacontent/ger</subfield>
         </datafield>
         <datafield tag="337" ind1=" " ind2=" ">
            <subfield code="a">ohne Hilfsmittel zu benutzen</subfield>
            <subfield code="b">n</subfield>
            <subfield code="2">rdamedia/ger</subfield>
         </datafield>
         <datafield tag="338" ind1=" " ind2=" ">
            <subfield code="a">Band</subfield>
            <subfield code="b">nc</subfield>
            <subfield code="2">rdacarrier/ger</subfield>
         </datafield>
         <datafield tag="950" ind1=" " ind2=" ">
            <subfield code="B">IDSBB</subfield>
            <subfield code="P">100</subfield>
            <subfield code="E">1-</subfield>
            <subfield code="a">Buser</subfield>
            <subfield code="D">Walter</subfield>
            <subfield code="d">1926-</subfield>
            <subfield code="0">(DE-588)170450473</subfield>
         </datafield>
         <datafield tag="986" ind1=" " ind2=" ">
            <subfield code="a">SWISSBIB</subfield>
            <subfield code="b">12494342X</subfield>
         </datafield>
         <datafield tag="986" ind1=" " ind2=" ">
            <subfield code="a">ORANGE</subfield>
            <subfield code="b">12494342X</subfield>
         </datafield>
         <datafield tag="898" ind1=" " ind2=" ">
            <subfield code="a">BK020000</subfield>
            <subfield code="b">XK020000</subfield>
            <subfield code="c">XK020000</subfield>
         </datafield>
         
         
      <datafield tag="690" ind1="H" ind2="D">
	    	<subfield code="8">YL7</subfield>
	    	<subfield code="a">Wirtschaftswissenschaften : Finanzwissenschaft. Betriebswirtschaftliche Steuerlehre : Finanzpolitik. Fiscal Policy. Finanzwirtschaft und Finanzpolitik einzelner Länder</subfield>
	    	<subfield code="2">HSG-IFF</subfield>
	    </datafield><datafield tag="690" ind1="H" ind2="D">
    		<subfield code="8">YQ</subfield>
    		<subfield code="a">Wirtschaftswissenschaften : Spezielle Betriebswirtschaftslehren</subfield>
    		<subfield code="2">HSG-IFF</subfield>
    	</datafield></record>