<record xmlns:xs="http://www.w3.org/2001/XMLSchema">
         <leader>     cam a22     2  4500</leader>
         <controlfield tag="001">283994479</controlfield>
         <controlfield tag="003">CHVBK</controlfield>
         <controlfield tag="005">20181001074157.0</controlfield>
         <controlfield tag="008">130819m19821984xxu           00    eng|d</controlfield>
         <datafield tag="020" ind1=" " ind2=" ">
            <subfield code="a">0-262-19195-4 (vol. 1 ; hbk.)</subfield>
         </datafield>
         <datafield tag="020" ind1=" " ind2=" ">
            <subfield code="a">0-262-69091-8 (vol. 1 ; pbk.)</subfield>
         </datafield>
         <datafield tag="020" ind1=" " ind2=" ">
            <subfield code="a">0-262-19219-5 (vol. 2 ; hbk.)</subfield>
         </datafield>
         <datafield tag="020" ind1=" " ind2=" ">
            <subfield code="a">0-262-69112-4 (vol. 2 ; pbk.)</subfield>
         </datafield>
         <datafield tag="035" ind1=" " ind2=" ">
            <subfield code="a">(NEBIS)002895030</subfield>
         </datafield>
         <datafield tag="035" ind1=" " ind2=" ">
            <subfield code="a">(RERO)0425656</subfield>
         </datafield>
         <datafield tag="035" ind1=" " ind2=" ">
            <subfield code="a">(VAUD)991019018489702852</subfield>
         </datafield>
         <datafield tag="035" ind1=" " ind2=" ">
            <subfield code="a">(SBT)000069217</subfield>
         </datafield>
         <datafield tag="035" ind1=" " ind2=" ">
            <subfield code="a">(OCoLC)470503055</subfield>
         </datafield>
         <datafield tag="035" ind1=" " ind2=" ">
            <subfield code="a">(RNV)000392827-41bculausa_network</subfield>
         </datafield>
         <datafield tag="035" ind1=" " ind2=" ">
            <subfield code="a">(RERO)000392827</subfield>
         </datafield>
         <datafield tag="035" ind1=" " ind2=" ">
            <subfield code="a">0425656</subfield>
         </datafield>
         <datafield tag="035" ind1=" " ind2=" ">
            <subfield code="a">(EXLNZ-41BCULAUSA_NETWORK)991014407129702851</subfield>
         </datafield>
         <datafield tag="040" ind1=" " ind2=" ">
            <subfield code="a">DKDLA</subfield>
            <subfield code="d">SzZuIDS NEBIS ZBZ</subfield>
         <subfield code="d">SzZuIDS HSG</subfield></datafield>
         <datafield tag="050" ind1=" " ind2=" ">
            <subfield code="a">H61.25</subfield>
            <subfield code="b">.S49 1982</subfield>
         </datafield>
         <datafield tag="050" ind1=" " ind2=" ">
            <subfield code="a">HB144</subfield>
            <subfield code="b">.S58 1984</subfield>
         </datafield>
         <datafield tag="072" ind1=" " ind2="7">
            <subfield code="a">s1se</subfield>
            <subfield code="2">rero</subfield>
         </datafield>
         <datafield tag="082" ind1="0" ind2=" ">
            <subfield code="a">300.15193</subfield>
            <subfield code="2">19</subfield>
         </datafield>
         <datafield tag="082" ind1="0" ind2=" ">
            <subfield code="a">338.9/001/5193</subfield>
            <subfield code="2">19</subfield>
         </datafield>
         <datafield tag="082" ind1="0" ind2="4">
            <subfield code="a">330/.01/5193</subfield>
            <subfield code="2">19</subfield>
         </datafield>
         <datafield tag="082" ind1="0" ind2="4">
            <subfield code="a">300.151</subfield>
         </datafield>
         <datafield tag="082" ind1="0" ind2="4">
            <subfield code="a">338.9001</subfield>
            <subfield code="2">20</subfield>
         </datafield>
         <datafield tag="082" ind1="1" ind2="4">
            <subfield code="a">519.6</subfield>
            <subfield code="2">22</subfield>
         </datafield>
         <datafield tag="082" ind1="0" ind2="4">
            <subfield code="a">330</subfield>
         </datafield>
         <datafield tag="082" ind1="0" ind2="4">
            <subfield code="a">330.01 UKP</subfield>
         </datafield>
         <datafield tag="084" ind1=" " ind2=" ">
            <subfield code="a">CA</subfield>
            <subfield code="2">z</subfield>
         </datafield>
         <datafield tag="084" ind1=" " ind2=" ">
            <subfield code="a">91-02</subfield>
            <subfield code="2">msc</subfield>
         </datafield>
         <datafield tag="084" ind1=" " ind2=" ">
            <subfield code="a">91A10</subfield>
            <subfield code="2">msc</subfield>
         </datafield>
         <datafield tag="084" ind1=" " ind2=" ">
            <subfield code="a">91A12</subfield>
            <subfield code="2">msc</subfield>
         </datafield>
         <datafield tag="100" ind1="1" ind2=" ">
            <subfield code="a">Shubik</subfield>
            <subfield code="D">Martin</subfield>
            <subfield code="d">1926-2018</subfield>
            <subfield code="0">(DE-588)122820800</subfield>
         </datafield>
         <datafield tag="245" ind1="1" ind2="0">
            <subfield code="a">Game theory in the social sciences</subfield>
            <subfield code="b">concepts and solutions</subfield>
            <subfield code="c">Martin Shubik</subfield>
         </datafield>
         <datafield tag="260" ind1=" " ind2=" ">
            <subfield code="a">Cambridge, Mass.</subfield>
            <subfield code="b">MIT Press</subfield>
            <subfield code="c">cop. 1982-1984</subfield>
         </datafield>
         <datafield tag="300" ind1=" " ind2=" ">
            <subfield code="a">2 Bde.</subfield>
         </datafield>
         <datafield tag="505" ind1="0" ind2="0">
            <subfield code="g">Vol. 1</subfield>
            <subfield code="t">Concepts and solutions</subfield>
         </datafield>
         <datafield tag="505" ind1="0" ind2="0">
            <subfield code="g">Vol. 2</subfield>
            <subfield code="t">A game - theoretic approach to political economy</subfield>
         </datafield>
         <datafield tag="600" ind1="1" ind2="0">
            <subfield code="a">Game theory</subfield>
         </datafield>
         <datafield tag="600" ind1="1" ind2="0">
            <subfield code="a">Game theory</subfield>
         </datafield>
         <datafield tag="650" ind1=" " ind2="0">
            <subfield code="a">Social sciences</subfield>
            <subfield code="x">Mathematical models</subfield>
         </datafield>
         <datafield tag="650" ind1=" " ind2="0">
            <subfield code="a">Game theory</subfield>
         </datafield>
         <datafield tag="650" ind1=" " ind2="7">
            <subfield code="a">Spieltheorie</subfield>
            <subfield code="0">(DE-588)4056243-8</subfield>
            <subfield code="2">gnd</subfield>
         </datafield>
         <datafield tag="650" ind1=" " ind2="7">
            <subfield code="a">Volkswirtschaftslehre</subfield>
            <subfield code="0">(DE-588)4078943-3</subfield>
            <subfield code="2">gnd</subfield>
         </datafield>
         <datafield tag="650" ind1=" " ind2="7">
            <subfield code="a">Sozialwissenschaften</subfield>
            <subfield code="0">(DE-588)4055916-6</subfield>
            <subfield code="2">gnd</subfield>
         </datafield>
         <datafield tag="650" ind1=" " ind2="0">
            <subfield code="a">Economics, Mathematical</subfield>
         </datafield>
         <datafield tag="650" ind1=" " ind2="0">
            <subfield code="a">Economics</subfield>
            <subfield code="x">Mathematical models</subfield>
         </datafield>
         <datafield tag="650" ind1=" " ind2="7">
            <subfield code="a">modèle mathématique</subfield>
            <subfield code="2">rerovoc</subfield>
         </datafield>
         <datafield tag="650" ind1=" " ind2="7">
            <subfield code="a">Sciences sociales</subfield>
            <subfield code="2">rero</subfield>
         </datafield>
         <datafield tag="650" ind1=" " ind2="7">
            <subfield code="a">Économie politique</subfield>
            <subfield code="2">rero</subfield>
         </datafield>
         <datafield tag="650" ind1=" " ind2="7">
            <subfield code="a">Théorie des jeux</subfield>
            <subfield code="2">rero</subfield>
         </datafield>
         <datafield tag="650" ind1=" " ind2="7">
            <subfield code="a">modèle mathématique</subfield>
            <subfield code="x">sciences sociales</subfield>
            <subfield code="2">chrero</subfield>
         </datafield>
         <datafield tag="650" ind1=" " ind2="7">
            <subfield code="a">économie politique</subfield>
            <subfield code="2">chrero</subfield>
         </datafield>
         <datafield tag="650" ind1=" " ind2="7">
            <subfield code="a">théorie des jeux</subfield>
            <subfield code="2">chrero</subfield>
         </datafield>
         <datafield tag="690" ind1=" " ind2="7">
            <subfield code="B">u</subfield>
            <subfield code="a">Sozialwissenschaften / Verhältnis zu einzelnen Faktoren</subfield>
            <subfield code="2">idszbz Z9</subfield>
         </datafield>
         <datafield tag="690" ind1=" " ind2="7">
            <subfield code="B">u</subfield>
            <subfield code="a">Spieltheorie</subfield>
            <subfield code="2">idszbz Z9</subfield>
         </datafield>
         <datafield tag="690" ind1=" " ind2="7">
            <subfield code="B">s</subfield>
            <subfield code="a">modello matematico</subfield>
            <subfield code="x">scienze sociali</subfield>
            <subfield code="2">sbt TR</subfield>
         </datafield>
         <datafield tag="690" ind1=" " ind2="7">
            <subfield code="B">s</subfield>
            <subfield code="a">economia politica</subfield>
            <subfield code="2">sbt TR</subfield>
         </datafield>
         <datafield tag="690" ind1=" " ind2="7">
            <subfield code="B">s</subfield>
            <subfield code="a">teoria dei giochi</subfield>
            <subfield code="2">sbt TR</subfield>
         </datafield>
         <datafield tag="691" ind1=" " ind2="7">
            <subfield code="B">u</subfield>
            <subfield code="u">300.15193</subfield>
            <subfield code="a">Scienze sociali. Teoria dei giochi</subfield>
            <subfield code="2">sbt TE</subfield>
         </datafield>
         <datafield tag="909" ind1=" " ind2="7">
            <subfield code="a">MedeaZBZ</subfield>
            <subfield code="b">Mehrbändig</subfield>
            <subfield code="2">idszbz ZR</subfield>
         </datafield>
         <datafield tag="912" ind1=" " ind2="7">
            <subfield code="a">se</subfield>
            <subfield code="2">SzBzSBTc</subfield>
         </datafield>
         <datafield tag="950" ind1=" " ind2=" ">
            <subfield code="B">NEBIS</subfield>
            <subfield code="P">100</subfield>
            <subfield code="E">1-</subfield>
            <subfield code="a">Shubik</subfield>
            <subfield code="D">Martin</subfield>
            <subfield code="d">1926-2018</subfield>
            <subfield code="0">(DE-588)122820800</subfield>
         </datafield>
         <datafield tag="950" ind1=" " ind2=" ">
            <subfield code="B">RERO</subfield>
            <subfield code="P">100</subfield>
            <subfield code="E">1-</subfield>
            <subfield code="a">Shubik</subfield>
            <subfield code="D">Martin</subfield>
         </datafield>
         <datafield tag="950" ind1=" " ind2=" ">
            <subfield code="B">VAUD</subfield>
            <subfield code="P">100</subfield>
            <subfield code="E">1-</subfield>
            <subfield code="a">Shubik</subfield>
            <subfield code="D">Martin</subfield>
         </datafield>
         <datafield tag="950" ind1=" " ind2=" ">
            <subfield code="B">SBT</subfield>
            <subfield code="P">100</subfield>
            <subfield code="E">1-</subfield>
            <subfield code="a">Shubik</subfield>
            <subfield code="D">Martin</subfield>
         </datafield>
         <datafield tag="986" ind1=" " ind2=" ">
            <subfield code="a">SWISSBIB</subfield>
            <subfield code="b">033025738</subfield>
         </datafield>
         <datafield tag="898" ind1=" " ind2=" ">
            <subfield code="a">BK020000</subfield>
            <subfield code="b">XK020000</subfield>
            <subfield code="c">XK020000</subfield>
         </datafield>
         <datafield tag="897" ind1=" " ind2=" ">
            <subfield code="a">b</subfield>
            <subfield code="b">1</subfield>
         </datafield>
         
         
         
         
         
         
         
         
         
         
         <datafield tag="852" ind1="4" ind2=" ">
            <subfield code="B">SBT</subfield>
            <subfield code="F">LUBUL</subfield>
            <subfield code="c">201</subfield>
            <subfield code="j">BUL A 300.15193 SHU GAM</subfield>
            <subfield code="a">Posseduto Vol. 1</subfield>
         </datafield>
      <datafield tag="690" ind1="H" ind2="D">
	    	<subfield code="8">YC</subfield>
	    	<subfield code="a">Wirtschaftswissenschaften : Wirtschaftstheorie, einschliesslich Geldtheorie</subfield>
	    	<subfield code="2">HSG-IFF</subfield>
	    </datafield></record>