<record xmlns:xs="http://www.w3.org/2001/XMLSchema">
         <leader>     cam a22     u  4500</leader>
         <controlfield tag="001">281888728</controlfield>
         <controlfield tag="003">CHVBK</controlfield>
         <controlfield tag="005">20180630063600.0</controlfield>
         <controlfield tag="008">130818s1967    gw       m    00    ger d</controlfield>
         <datafield tag="035" ind1=" " ind2=" ">
            <subfield code="a">(IDSBB)000300192</subfield>
         </datafield>
         <datafield tag="035" ind1=" " ind2=" ">
            <subfield code="a">(NEBIS)008674472</subfield>
         </datafield>
         <datafield tag="035" ind1=" " ind2=" ">
            <subfield code="a">(NEBIS)003268008</subfield>
         </datafield>
         <datafield tag="035" ind1=" " ind2=" ">
            <subfield code="a">(SGBN)000231622</subfield>
         </datafield>
         <datafield tag="035" ind1=" " ind2=" ">
            <subfield code="a">(RERO)R215189660</subfield>
         </datafield>
         <datafield tag="040" ind1=" " ind2=" ">
            <subfield code="a">SzZuIDS BS/BE A100</subfield>
            <subfield code="b">ger</subfield>
            <subfield code="e">kids</subfield>
         <subfield code="d">SzZuIDS HSG</subfield></datafield>
         <datafield tag="072" ind1=" " ind2="7">
            <subfield code="a">s1se</subfield>
            <subfield code="2">rero</subfield>
         </datafield>
         <datafield tag="084" ind1=" " ind2=" ">
            <subfield code="a">PE 620</subfield>
            <subfield code="2">rvk</subfield>
         </datafield>
         <datafield tag="084" ind1=" " ind2=" ">
            <subfield code="a">QL 700</subfield>
            <subfield code="2">rvk</subfield>
         </datafield>
         <datafield tag="100" ind1="1" ind2=" ">
            <subfield code="a">Gloth</subfield>
            <subfield code="D">Hans</subfield>
         </datafield>
         <datafield tag="245" ind1="1" ind2="4">
            <subfield code="a">Die Entwicklung des Kommunalkredits</subfield>
            <subfield code="b">eine Untersuchung der Beziehungen zum Steueraufkommen</subfield>
            <subfield code="c">Hans Gloth</subfield>
         </datafield>
         <datafield tag="264" ind1=" " ind2="1">
            <subfield code="a">Berlin (West)</subfield>
            <subfield code="b">Duncker und Humblot</subfield>
            <subfield code="c">1967</subfield>
         </datafield>
         <datafield tag="300" ind1=" " ind2=" ">
            <subfield code="a">229 S.</subfield>
            <subfield code="c">8'</subfield>
         </datafield>
         <datafield tag="490" ind1="1" ind2=" ">
            <subfield code="a">Untersuchungen über das Spar-, Giro- und Kreditwesen</subfield>
            <subfield code="v">Bd. 36</subfield>
            <subfield code="i">36</subfield>
            <subfield code="w">(IDSBB)000143179</subfield>
            <subfield code="9">273808915</subfield>
         </datafield>
         <datafield tag="500" ind1=" " ind2=" ">
            <subfield code="a">Titel der Diss.: Beziehungen zwischen der Entwicklung des Steueraufkommens der Gemeinden und des Kommunalkredits</subfield>
         </datafield>
         <datafield tag="502" ind1=" " ind2=" ">
            <subfield code="a">Zugl.: Diss. Hamburg, 1967</subfield>
         </datafield>
         <datafield tag="509" ind1=" " ind2="0">
            <subfield code="a">Beziehungen zwischen der Entwicklung des Steueraufkommens der Gemeinden und des Kommunalkredits</subfield>
            <subfield code="i">Titel der Diss</subfield>
         </datafield>
         <datafield tag="650" ind1=" " ind2="7">
            <subfield code="a">Kommunalkredit</subfield>
            <subfield code="0">(DE-588)4164796-8</subfield>
            <subfield code="2">gnd</subfield>
         </datafield>
         <datafield tag="650" ind1=" " ind2="0">
            <subfield code="a">Local taxation</subfield>
            <subfield code="z">Germany</subfield>
         </datafield>
         <datafield tag="650" ind1=" " ind2="0">
            <subfield code="a">Municipal finance</subfield>
            <subfield code="z">Germany</subfield>
         </datafield>
         <datafield tag="655" ind1=" " ind2="7">
            <subfield code="a">Hochschulschrift</subfield>
            <subfield code="2">gnd-content</subfield>
         </datafield>
         <datafield tag="830" ind1=" " ind2="0">
            <subfield code="a">Untersuchungen über das Spar-, Giro- und Kreditwesen</subfield>
            <subfield code="p">Abteilung A, Wirtschaftswissenschaft</subfield>
            <subfield code="v">36</subfield>
         </datafield>
         <datafield tag="908" ind1=" " ind2=" ">
            <subfield code="D">1</subfield>
            <subfield code="a">Hochschulschrift = Thèse/Mémoire</subfield>
         </datafield>
         <datafield tag="909" ind1=" " ind2="7">
            <subfield code="f">medea</subfield>
            <subfield code="2">idsuzh U2</subfield>
         </datafield>
         <datafield tag="909" ind1=" " ind2="7">
            <subfield code="a">MedeaZBZ</subfield>
            <subfield code="b">SWK</subfield>
            <subfield code="2">idszbz ZR</subfield>
         </datafield>
         <datafield tag="912" ind1=" " ind2="7">
            <subfield code="a">wi</subfield>
            <subfield code="2">SzZuIDS BS/BE</subfield>
         </datafield>
         <datafield tag="912" ind1=" " ind2="7">
            <subfield code="a">ww</subfield>
            <subfield code="2">SGBN</subfield>
         </datafield>
         <datafield tag="912" ind1=" " ind2="7">
            <subfield code="a">rs</subfield>
            <subfield code="2">SGBN</subfield>
         </datafield>
         <datafield tag="950" ind1=" " ind2=" ">
            <subfield code="B">IDSBB</subfield>
            <subfield code="P">100</subfield>
            <subfield code="E">1-</subfield>
            <subfield code="a">Gloth</subfield>
            <subfield code="D">Hans</subfield>
         </datafield>
         <datafield tag="950" ind1=" " ind2=" ">
            <subfield code="B">IDSBB</subfield>
            <subfield code="P">490</subfield>
            <subfield code="E">0-</subfield>
            <subfield code="a">Untersuchungen über das Spar-, Giro- und Kreditwesen</subfield>
            <subfield code="v">Bd. 36</subfield>
            <subfield code="i">36</subfield>
            <subfield code="w">(IDSBB)000143179</subfield>
            <subfield code="9">273808915</subfield>
         </datafield>
         <datafield tag="950" ind1=" " ind2=" ">
            <subfield code="B">NEBIS</subfield>
            <subfield code="P">490</subfield>
            <subfield code="E">--</subfield>
            <subfield code="a">Untersuchungen über das Spar-, Giro- und Kreditwesen. Abteilung A, Wirtschaftswissenschaft</subfield>
            <subfield code="v">Bd. 36</subfield>
            <subfield code="i">36</subfield>
            <subfield code="w">(NEBIS)008383882</subfield>
            <subfield code="9">18904330X</subfield>
         </datafield>
         <datafield tag="950" ind1=" " ind2=" ">
            <subfield code="B">NEBIS</subfield>
            <subfield code="P">100</subfield>
            <subfield code="E">1-</subfield>
            <subfield code="a">Gloth</subfield>
            <subfield code="D">Hans</subfield>
         </datafield>
         <datafield tag="950" ind1=" " ind2=" ">
            <subfield code="B">NEBIS</subfield>
            <subfield code="P">490</subfield>
            <subfield code="E">--</subfield>
            <subfield code="a">Untersuchungen über das Spar-, Giro- und Kreditwesen</subfield>
            <subfield code="v">Bd. 36</subfield>
            <subfield code="i">36</subfield>
            <subfield code="w">(NEBIS)000061606</subfield>
            <subfield code="9">273808915</subfield>
         </datafield>
         <datafield tag="950" ind1=" " ind2=" ">
            <subfield code="B">SGBN</subfield>
            <subfield code="P">100</subfield>
            <subfield code="E">1-</subfield>
            <subfield code="a">Gloth</subfield>
            <subfield code="D">Hans</subfield>
         </datafield>
         <datafield tag="950" ind1=" " ind2=" ">
            <subfield code="B">SGBN</subfield>
            <subfield code="P">490</subfield>
            <subfield code="E">0-</subfield>
            <subfield code="a">Untersuchungen über das Spar-, Giro- und Kreditwesen. Abteilung B, Rechtswissenschaft</subfield>
            <subfield code="v">Band 36</subfield>
            <subfield code="i">36</subfield>
            <subfield code="w">(SGBN)000030242</subfield>
            <subfield code="9">046991565</subfield>
         </datafield>
         <datafield tag="950" ind1=" " ind2=" ">
            <subfield code="B">RERO</subfield>
            <subfield code="P">100</subfield>
            <subfield code="E">1-</subfield>
            <subfield code="a">Gloth</subfield>
            <subfield code="D">Hans</subfield>
         </datafield>
         <datafield tag="950" ind1=" " ind2=" ">
            <subfield code="B">RERO</subfield>
            <subfield code="P">490</subfield>
            <subfield code="E">1-</subfield>
            <subfield code="a">Untersuchungen über das Spar-, Giro- und Kreditwesen. [Abt. A, Wirtschaftswissenschaften]</subfield>
            <subfield code="v">Bd. 36</subfield>
         </datafield>
         <datafield tag="950" ind1=" " ind2=" ">
            <subfield code="B">RERO</subfield>
            <subfield code="P">830</subfield>
            <subfield code="E">--</subfield>
            <subfield code="a">Untersuchungen über das Spar-, Giro- und Kreditwesen</subfield>
            <subfield code="p">Abteilung A, Wirtschaftswissenschaft</subfield>
            <subfield code="v">36</subfield>
         </datafield>
         <datafield tag="986" ind1=" " ind2=" ">
            <subfield code="a">SWISSBIB</subfield>
            <subfield code="b">281888728</subfield>
         </datafield>
         <datafield tag="898" ind1=" " ind2=" ">
            <subfield code="a">BK020300</subfield>
            <subfield code="b">XK020000</subfield>
            <subfield code="c">XK020000</subfield>
         </datafield>
         <datafield tag="898" ind1=" " ind2=" ">
            <subfield code="a">BK020000</subfield>
            <subfield code="b">XK020000</subfield>
            <subfield code="c">XK020000</subfield>
         </datafield>
         
         
         
         
         
      <datafield tag="690" ind1="H" ind2="D">
	    	<subfield code="8">YL2</subfield>
	    	<subfield code="a">Wirtschaftswissenschaften : Finanzwissenschaft. Betriebswirtschaftliche Steuerlehre : Haushaltsaufstellung, -verwaltung und -kontrolle</subfield>
	    	<subfield code="2">HSG-IFF</subfield>
	    </datafield><datafield tag="690" ind1="H" ind2="D">
    		<subfield code="8">YL7</subfield>
    		<subfield code="a">Wirtschaftswissenschaften : Finanzwissenschaft. Betriebswirtschaftliche Steuerlehre : Finanzpolitik. Fiscal Policy. Finanzwirtschaft und Finanzpolitik einzelner Länder</subfield>
    		<subfield code="2">HSG-IFF</subfield>
    	</datafield></record>