<record xmlns:xs="http://www.w3.org/2001/XMLSchema">
         <leader>     caa a22     u  4500</leader>
         <controlfield tag="001">277792975</controlfield>
         <controlfield tag="003">CHVBK</controlfield>
         <controlfield tag="005">20180828070302.0</controlfield>
         <controlfield tag="008">130818s1989    sz |||||||||| 00   |ger d</controlfield>
         <datafield tag="019" ind1=" " ind2=" ">
            <subfield code="a">!!!"Bibliographie du droit suisse"!!!</subfield>
            <subfield code="5">17.01.1990/geubfd/mc</subfield>
         </datafield>
         <datafield tag="019" ind1=" " ind2=" ">
            <subfield code="a">Attention : indexation ajuri convertie en jurivoc</subfield>
         </datafield>
         <datafield tag="035" ind1=" " ind2=" ">
            <subfield code="a">(IDSBB)000820557</subfield>
         </datafield>
         <datafield tag="035" ind1=" " ind2=" ">
            <subfield code="a">(SGBN)000097271</subfield>
         </datafield>
         <datafield tag="035" ind1=" " ind2=" ">
            <subfield code="a">(RERO)1204191</subfield>
         </datafield>
         <datafield tag="035" ind1=" " ind2=" ">
            <subfield code="a">(VAUD)991017541779702852</subfield>
         </datafield>
         <datafield tag="035" ind1=" " ind2=" ">
            <subfield code="a">(RNV)001099722-41bculausa_network</subfield>
         </datafield>
         <datafield tag="035" ind1=" " ind2=" ">
            <subfield code="a">(RERO)001099722</subfield>
         </datafield>
         <datafield tag="035" ind1=" " ind2=" ">
            <subfield code="a">1204191</subfield>
         </datafield>
         <datafield tag="035" ind1=" " ind2=" ">
            <subfield code="a">(EXLNZ-41BCULAUSA_NETWORK)991005301189702851</subfield>
         </datafield>
         <datafield tag="040" ind1=" " ind2=" ">
            <subfield code="a">SzZuIDS BS/BE B465</subfield>
            <subfield code="b">ger</subfield>
            <subfield code="e">kids</subfield>
         <subfield code="d">SzZuIDS HSG</subfield></datafield>
         <datafield tag="072" ind1=" " ind2="7">
            <subfield code="a">s1dr</subfield>
            <subfield code="2">rero</subfield>
         </datafield>
         <datafield tag="100" ind1="1" ind2=" ">
            <subfield code="a">Greter</subfield>
            <subfield code="D">Marco</subfield>
         </datafield>
         <datafield tag="245" ind1="1" ind2="4">
            <subfield code="a">Die Buchprüfung im Steuerverfahren</subfield>
            <subfield code="c">Marco Greter</subfield>
         </datafield>
         <datafield tag="580" ind1=" " ind2=" ">
            <subfield code="a">In: Das schweizerische Steuerrecht...: Festschrift zum 70. Geburtstag von Prof. Dr. Ferdinand Zuppinger / hrsg. von Markus Reich, Martin Zweifel. - Bern : Stämpfli, 1989. - S. 331-351</subfield>
         </datafield>
         <datafield tag="650" ind1=" " ind2="7">
            <subfield code="a">Procédure administrative</subfield>
            <subfield code="2">rero</subfield>
         </datafield>
         <datafield tag="650" ind1=" " ind2="7">
            <subfield code="a">Droit fiscal</subfield>
            <subfield code="2">rero</subfield>
         </datafield>
         <datafield tag="650" ind1=" " ind2="7">
            <subfield code="a">Vérification comptable</subfield>
            <subfield code="2">rero</subfield>
         </datafield>
         <datafield tag="650" ind1=" " ind2="7">
            <subfield code="a">impôt sur le bénéfice des entreprises</subfield>
            <subfield code="9">fre</subfield>
            <subfield code="2">jurivoc</subfield>
         </datafield>
         <datafield tag="650" ind1=" " ind2="7">
            <subfield code="a">imposta sull'utile delle aziende</subfield>
            <subfield code="9">ita</subfield>
            <subfield code="2">jurivoc</subfield>
         </datafield>
         <datafield tag="650" ind1=" " ind2="7">
            <subfield code="a">Steuer vom Unternehmungsgewinn</subfield>
            <subfield code="9">ger</subfield>
            <subfield code="2">jurivoc</subfield>
         </datafield>
         <datafield tag="650" ind1=" " ind2="7">
            <subfield code="a">comptabilité - contrôle</subfield>
            <subfield code="x">procédure administrative</subfield>
            <subfield code="x">* droit fiscal</subfield>
            <subfield code="z">Zurich (Suisse, canton)</subfield>
            <subfield code="2">chrero</subfield>
         </datafield>
         <datafield tag="651" ind1=" " ind2="7">
            <subfield code="a">Zurich (Suisse, canton)</subfield>
            <subfield code="2">rero</subfield>
         </datafield>
         <datafield tag="651" ind1=" " ind2="7">
            <subfield code="a">Svizzera(Stato)</subfield>
            <subfield code="9">ita</subfield>
            <subfield code="2">jurivoc</subfield>
         </datafield>
         <datafield tag="651" ind1=" " ind2="7">
            <subfield code="a">Suisse(État)</subfield>
            <subfield code="9">fre</subfield>
            <subfield code="2">jurivoc</subfield>
         </datafield>
         <datafield tag="651" ind1=" " ind2="7">
            <subfield code="a">Schweiz</subfield>
            <subfield code="9">ger</subfield>
            <subfield code="2">jurivoc</subfield>
         </datafield>
         <datafield tag="690" ind1=" " ind2="7">
            <subfield code="B">s</subfield>
            <subfield code="a">Revision</subfield>
            <subfield code="x">Steuerrecht</subfield>
            <subfield code="2">sgbn S</subfield>
         </datafield>
         <datafield tag="690" ind1=" " ind2="7">
            <subfield code="B">s</subfield>
            <subfield code="a">Steuerrecht</subfield>
            <subfield code="x">Revision</subfield>
            <subfield code="2">sgbn S</subfield>
         </datafield>
         <datafield tag="691" ind1=" " ind2="7">
            <subfield code="B">u</subfield>
            <subfield code="u">WH 11.1.2</subfield>
            <subfield code="2">idsbb GD</subfield>
         </datafield>
         <datafield tag="691" ind1=" " ind2="7">
            <subfield code="B">u</subfield>
            <subfield code="u">WH 11.1.3.1</subfield>
            <subfield code="2">idsbb GD</subfield>
         </datafield>
         <datafield tag="691" ind1=" " ind2="7">
            <subfield code="B">u</subfield>
            <subfield code="u">WH 11.1.3.3</subfield>
            <subfield code="2">idsbb GD</subfield>
         </datafield>
         <datafield tag="691" ind1=" " ind2="7">
            <subfield code="u">15.1</subfield>
            <subfield code="2">ids dr-sys</subfield>
         </datafield>
         <datafield tag="691" ind1=" " ind2="7">
            <subfield code="2">rero dr-sys</subfield>
            <subfield code="u">CA/CH-ZH 54 i</subfield>
         </datafield>
         <datafield tag="691" ind1=" " ind2="7">
            <subfield code="2">rero dr-sys</subfield>
            <subfield code="u">CA/CH-ZH 80 i</subfield>
         </datafield>
         <datafield tag="691" ind1=" " ind2="7">
            <subfield code="2">vaud dr-sys</subfield>
            <subfield code="u">CA/CH-ZH 54 i</subfield>
         </datafield>
         <datafield tag="691" ind1=" " ind2="7">
            <subfield code="2">vaud dr-sys</subfield>
            <subfield code="u">CA/CH-ZH 80 i</subfield>
         </datafield>
         <datafield tag="773" ind1="0" ind2="U">
            <subfield code="t">Das schweizerische Steuerrecht : eine Standortbestimmung : Festschrift zum 70. Geburtstag von Ferdinand Zuppinger</subfield>
            <subfield code="d">Bern : Stämpfli, 1989</subfield>
            <subfield code="g">S. 331-351</subfield>
            <subfield code="j">331-351</subfield>
            <subfield code="w">(IDSBB)000482736</subfield>
            <subfield code="9">270208526</subfield>
         </datafield>
         <datafield tag="912" ind1=" " ind2="7">
            <subfield code="a">rs</subfield>
            <subfield code="2">SGBN</subfield>
         </datafield>
         <datafield tag="950" ind1=" " ind2=" ">
            <subfield code="B">IDSBB</subfield>
            <subfield code="P">100</subfield>
            <subfield code="E">1-</subfield>
            <subfield code="a">Greter</subfield>
            <subfield code="D">Marco</subfield>
         </datafield>
         <datafield tag="950" ind1=" " ind2=" ">
            <subfield code="B">IDSBB</subfield>
            <subfield code="P">773</subfield>
            <subfield code="E">0U</subfield>
            <subfield code="t">Das schweizerische Steuerrecht : eine Standortbestimmung : Festschrift zum 70. Geburtstag von Ferdinand Zuppinger</subfield>
            <subfield code="d">Bern : Stämpfli, 1989</subfield>
            <subfield code="g">S. 331-351</subfield>
            <subfield code="j">331-351</subfield>
            <subfield code="w">(IDSBB)000482736</subfield>
            <subfield code="9">270208526</subfield>
         </datafield>
         <datafield tag="950" ind1=" " ind2=" ">
            <subfield code="B">SGBN</subfield>
            <subfield code="P">100</subfield>
            <subfield code="E">1-</subfield>
            <subfield code="a">Greter</subfield>
            <subfield code="D">Marco</subfield>
         </datafield>
         <datafield tag="950" ind1=" " ind2=" ">
            <subfield code="B">SGBN</subfield>
            <subfield code="P">773</subfield>
            <subfield code="E">-A</subfield>
            <subfield code="t">Das schweizerische Steuerrecht</subfield>
            <subfield code="d">Bern : Stämpfli, 1989</subfield>
            <subfield code="g">S. 331-351</subfield>
            <subfield code="j">331-351</subfield>
            <subfield code="w">(SGBN)000097248</subfield>
            <subfield code="9">270208453</subfield>
         </datafield>
         <datafield tag="950" ind1=" " ind2=" ">
            <subfield code="B">RERO</subfield>
            <subfield code="P">100</subfield>
            <subfield code="E">1-</subfield>
            <subfield code="a">Greter</subfield>
            <subfield code="D">Marco</subfield>
         </datafield>
         <datafield tag="950" ind1=" " ind2=" ">
            <subfield code="B">RERO</subfield>
            <subfield code="P">773</subfield>
            <subfield code="E">1-</subfield>
            <subfield code="t">Schweizerische Steuerrecht : eine Standortbestimmung : Festschrift zum 70. Geburtstag von Prof. Dr. Ferdinand Zuppinger</subfield>
            <subfield code="g">S. 331-351</subfield>
         </datafield>
         <datafield tag="950" ind1=" " ind2=" ">
            <subfield code="B">VAUD</subfield>
            <subfield code="P">100</subfield>
            <subfield code="E">1-</subfield>
            <subfield code="a">Greter</subfield>
            <subfield code="D">Marco</subfield>
         </datafield>
         <datafield tag="950" ind1=" " ind2=" ">
            <subfield code="B">VAUD</subfield>
            <subfield code="P">773</subfield>
            <subfield code="E">1-</subfield>
            <subfield code="t">Schweizerische Steuerrecht : eine Standortbestimmung : Festschrift zum 70. Geburtstag von Prof. Dr. Ferdinand Zuppinger</subfield>
            <subfield code="g">S. 331-351</subfield>
         </datafield>
         <datafield tag="986" ind1=" " ind2=" ">
            <subfield code="a">SWISSBIB</subfield>
            <subfield code="b">277792975</subfield>
         </datafield>
         <datafield tag="898" ind1=" " ind2=" ">
            <subfield code="a">BK010000</subfield>
            <subfield code="b">XK010000</subfield>
            <subfield code="c">XK010000</subfield>
         </datafield>
         
         
         
         
         
         
         
         
         
         
         
      <datafield tag="690" ind1="H" ind2="D">
	    	<subfield code="8">MA</subfield>
	    	<subfield code="a">Verfahrensrecht und Steuerstrafrecht : Allgemeines Verfahrensrecht</subfield>
	    	<subfield code="2">HSG-IFF</subfield>
	    </datafield></record>