<record xmlns:xs="http://www.w3.org/2001/XMLSchema">
         <leader>     cam a22        4500</leader>
         <controlfield tag="001">223669113</controlfield>
         <controlfield tag="003">CHVBK</controlfield>
         <controlfield tag="005">20180830042519.0</controlfield>
         <controlfield tag="008">000913s1968    gw            00    ger d</controlfield>
         <datafield tag="035" ind1=" " ind2=" ">
            <subfield code="a">(RERO)R266255360</subfield>
         </datafield>
         <datafield tag="040" ind1=" " ind2=" ">
            <subfield code="a">CH-MyRERO</subfield>
            <subfield code="d">CHVBK</subfield>
         <subfield code="d">SzZuIDS HSG</subfield></datafield>
         <datafield tag="072" ind1=" " ind2="7">
            <subfield code="a">s1se</subfield>
            <subfield code="2">rero</subfield>
         </datafield>
         <datafield tag="100" ind1="1" ind2=" ">
            <subfield code="a">Clement</subfield>
            <subfield code="D">Werner</subfield>
         </datafield>
         <datafield tag="245" ind1="1" ind2="0">
            <subfield code="a">Bildungsökonomik als Entscheidungshilfe für die Wachstumspolitik</subfield>
            <subfield code="c">von Werner Clement</subfield>
         </datafield>
         <datafield tag="260" ind1=" " ind2=" ">
            <subfield code="a">Berlin [etc.]</subfield>
            <subfield code="b">Duncker &amp; Humblot</subfield>
            <subfield code="c">1968</subfield>
         </datafield>
         <datafield tag="300" ind1=" " ind2=" ">
            <subfield code="a">26 S.</subfield>
            <subfield code="b">Fig.</subfield>
            <subfield code="c">24 cm</subfield>
         </datafield>
         <datafield tag="490" ind1="1" ind2=" ">
            <subfield code="a">Sonderschrift des IFO-Instituts für Wirtschaftsforschung</subfield>
            <subfield code="v">Nr. 36</subfield>
         </datafield>
         <datafield tag="650" ind1=" " ind2="7">
            <subfield code="a">politique de l'éducation</subfield>
            <subfield code="2">rerovoc</subfield>
         </datafield>
         <datafield tag="650" ind1=" " ind2="7">
            <subfield code="a">Développement économique</subfield>
            <subfield code="2">rero</subfield>
         </datafield>
         <datafield tag="830" ind1=" " ind2="0">
            <subfield code="a">Sonderschrift des IFO-Instituts für Wirtschaftsforschung</subfield>
            <subfield code="v">36</subfield>
         </datafield>
         <datafield tag="950" ind1=" " ind2=" ">
            <subfield code="B">RERO</subfield>
            <subfield code="P">100</subfield>
            <subfield code="E">1-</subfield>
            <subfield code="a">Clement</subfield>
            <subfield code="D">Werner</subfield>
         </datafield>
         <datafield tag="950" ind1=" " ind2=" ">
            <subfield code="B">RERO</subfield>
            <subfield code="P">490</subfield>
            <subfield code="E">1-</subfield>
            <subfield code="a">Sonderschrift des IFO-Instituts für Wirtschaftsforschung</subfield>
            <subfield code="v">Nr. 36</subfield>
         </datafield>
         <datafield tag="950" ind1=" " ind2=" ">
            <subfield code="B">RERO</subfield>
            <subfield code="P">830</subfield>
            <subfield code="E">--</subfield>
            <subfield code="a">Sonderschrift des IFO-Instituts für Wirtschaftsforschung</subfield>
            <subfield code="v">36</subfield>
         </datafield>
         <datafield tag="986" ind1=" " ind2=" ">
            <subfield code="a">SWISSBIB</subfield>
            <subfield code="b">223669113</subfield>
         </datafield>
         <datafield tag="898" ind1=" " ind2=" ">
            <subfield code="a">BK020000</subfield>
            <subfield code="b">XK020000</subfield>
            <subfield code="c">XK020000</subfield>
         </datafield>
         
         
      <datafield tag="690" ind1="H" ind2="D">
	    	<subfield code="8">YN</subfield>
	    	<subfield code="a">Wirtschaftswissenschaften : Konjunkturschwankungen, Stabilitätspolitik</subfield>
	    	<subfield code="2">HSG-IFF</subfield>
	    </datafield></record>