<record xmlns:xs="http://www.w3.org/2001/XMLSchema">
         <leader>     cas a22     u  4500</leader>
         <controlfield tag="001">122749200</controlfield>
         <controlfield tag="003">CHVBK</controlfield>
         <controlfield tag="005">20190223034120.0</controlfield>
         <controlfield tag="006">s | p       |    |</controlfield>
         <controlfield tag="008">841126d18501987sz        l   0    |ger d</controlfield>
         <datafield tag="035" ind1=" " ind2=" ">
            <subfield code="a">(OCoLC)604983638</subfield>
         </datafield>
         <datafield tag="035" ind1=" " ind2=" ">
            <subfield code="a">(IDSBB)000042563</subfield>
         </datafield>
         <datafield tag="040" ind1=" " ind2=" ">
            <subfield code="a">SzZuIDS BS/BE B400</subfield>
            <subfield code="b">ger</subfield>
            <subfield code="e">kids</subfield>
         <subfield code="d">SzZuIDS HSG</subfield></datafield>
         <datafield tag="082" ind1="1" ind2=" ">
            <subfield code="a">340</subfield>
            <subfield code="2">15</subfield>
         </datafield>
         <datafield tag="245" ind1="0" ind2="0">
            <subfield code="a">Sammlung der eidgenössischen Gesetze</subfield>
            <subfield code="c">[Hrsg.: Bundeskanzlei]</subfield>
         </datafield>
         <datafield tag="246" ind1="1" ind2=" ">
            <subfield code="a">Amtliche Sammlung der Bundesgesetze und Verordnungen der schweizerischen Eidgenossenschaft</subfield>
         </datafield>
         <datafield tag="246" ind1="1" ind2=" ">
            <subfield code="a">AS</subfield>
         </datafield>
         <datafield tag="246" ind1="1" ind2=" ">
            <subfield code="a">Eidgenössische Gesetzessammlung</subfield>
         </datafield>
         <datafield tag="246" ind1="1" ind2=" ">
            <subfield code="a">Offizielle Sammlung der das schweizerische Staatsrecht betreffenden Aktenstücke, Bundesgesetze, Verträge und Verordnungen, seit der Einführung der neuen Bundesverfassung</subfield>
         </datafield>
         <datafield tag="264" ind1=" " ind2="1">
            <subfield code="a">Bern</subfield>
            <subfield code="b">Stämpfli</subfield>
         </datafield>
         <datafield tag="310" ind1=" " ind2=" ">
            <subfield code="a">Ersch. wöchentlich</subfield>
         </datafield>
         <datafield tag="336" ind1=" " ind2=" ">
            <subfield code="a">Text</subfield>
            <subfield code="b">txt</subfield>
            <subfield code="2">rdacontent/ger</subfield>
         </datafield>
         <datafield tag="337" ind1=" " ind2=" ">
            <subfield code="a">ohne Hilfsmittel zu benutzen</subfield>
            <subfield code="b">n</subfield>
            <subfield code="2">rdamedia/ger</subfield>
         </datafield>
         <datafield tag="338" ind1=" " ind2=" ">
            <subfield code="a">Band</subfield>
            <subfield code="b">nc</subfield>
            <subfield code="2">rdacarrier/ger</subfield>
         </datafield>
         <datafield tag="362" ind1="0" ind2=" ">
            <subfield code="a">Bd. [1](1849)-11(1874) ; N.F., Bd. 1(1875)-63(1947) ; 1948-1987.</subfield>
         </datafield>
         <datafield tag="500" ind1=" " ind2=" ">
            <subfield code="a">Mit teilweise kumulierenden, unregelmässig erscheinenden unselbständigen Registern</subfield>
         </datafield>
         <datafield tag="500" ind1=" " ind2=" ">
            <subfield code="a">Titel von 1850-1968 auch: Amtliche Sammlung der Bundesgesetze und Verordnungen der schweizerischen Eidgenossenschaft</subfield>
         </datafield>
         <datafield tag="500" ind1=" " ind2=" ">
            <subfield code="a">Kopftitel von 1850-1968: Eidgenössische Gesetzsammlung</subfield>
         </datafield>
         <datafield tag="500" ind1=" " ind2=" ">
            <subfield code="a">Rücken- und Zitiertitel: AS</subfield>
         </datafield>
         <datafield tag="500" ind1=" " ind2=" ">
            <subfield code="a">Titel von Bd. 1 (1849): Offizielle Sammlung der das schweizerische Staatsrecht betreffenden Aktenstücke, Bundesgesetze, Verträge und Verordnungen, seit der Einführung der neuen Bundesverfassung</subfield>
         </datafield>
         <datafield tag="500" ind1=" " ind2=" ">
            <subfield code="a">Bd. 11 (1874) enth. Materienregister zu 1849-1874</subfield>
         </datafield>
         <datafield tag="500" ind1=" " ind2=" ">
            <subfield code="a">N.F., Bd. 10 (1889) enth. Register zu 1874-1888</subfield>
         </datafield>
         <datafield tag="650" ind1=" " ind2="7">
            <subfield code="a">Recht</subfield>
            <subfield code="z">Schweiz</subfield>
            <subfield code="v">Quelle</subfield>
            <subfield code="2">idsbb</subfield>
         </datafield>
         <datafield tag="655" ind1=" " ind2="7">
            <subfield code="a">Zeitschrift</subfield>
            <subfield code="2">gnd-content</subfield>
         </datafield>
         <datafield tag="710" ind1="1" ind2=" ">
            <subfield code="a">Schweiz</subfield>
            <subfield code="b">Bundeskanzlei</subfield>
            <subfield code="0">(DE-588)37887-2</subfield>
         </datafield>
         <datafield tag="710" ind1="1" ind2=" ">
            <subfield code="a">Schweiz</subfield>
            <subfield code="0">(DE-588)4053881-3</subfield>
         </datafield>
         <datafield tag="785" ind1=" " ind2="0">
            <subfield code="t">Amtliche Sammlung des Bundesrechts</subfield>
         </datafield>
         <datafield tag="852" ind1="4" ind2=" ">
            <subfield code="B">IDSBB</subfield>
            <subfield code="F">A100</subfield>
            <subfield code="c">MAG</subfield>
            <subfield code="j">UBH GesS Bund 1a</subfield>
            <subfield code="a">Bd. 1 (1849)-11 (1874); N.F. Bd. 1 (1875)-63 (1947)</subfield>
         </datafield>
         <datafield tag="852" ind1="4" ind2=" ">
            <subfield code="B">IDSBB</subfield>
            <subfield code="F">A100</subfield>
            <subfield code="c">100FM</subfield>
            <subfield code="j">UBH LSM 104,240</subfield>
            <subfield code="a">1948-1987</subfield>
         </datafield>
         <datafield tag="852" ind1="4" ind2=" ">
            <subfield code="B">IDSBB</subfield>
            <subfield code="F">A100</subfield>
            <subfield code="c">MAG</subfield>
            <subfield code="j">UBH GesS Bund 1</subfield>
            <subfield code="a">Bd. 1 (1849)-11 (1874); N.F. Bd. 1 (1875)-63 (1947); 1948-1987</subfield>
         </datafield>
         <datafield tag="852" ind1="4" ind2=" ">
            <subfield code="B">IDSBB</subfield>
            <subfield code="F">A125</subfield>
            <subfield code="c">125SW</subfield>
            <subfield code="j">SWA Amts-Drucks. CH 101</subfield>
            <subfield code="a">Jg. 1(1849)-11(1872/74); N.F. Jg. 1(1874/75)-19(1902/03) ; 21(1905) ; 22(1906) [franz. Ausg.] ; 23(1907)-63(1947); 1948-1987</subfield>
         </datafield>
         <datafield tag="852" ind1="4" ind2=" ">
            <subfield code="B">IDSBB</subfield>
            <subfield code="F">B424</subfield>
            <subfield code="c">424ZM</subfield>
            <subfield code="j">-</subfield>
            <subfield code="a">2000-</subfield>
         </datafield>
         <datafield tag="852" ind1="4" ind2=" ">
            <subfield code="B">IDSBB</subfield>
            <subfield code="F">A348</subfield>
            <subfield code="c">FH</subfield>
            <subfield code="j">STA DS CH 12</subfield>
            <subfield code="a">Bd. [1](1849)-11(1874) ; N.F., Bd. 1(1875)-63(1947) ; 1948-1987</subfield>
         </datafield>
         <datafield tag="852" ind1="4" ind2=" ">
            <subfield code="B">IDSBB</subfield>
            <subfield code="F">B465</subfield>
            <subfield code="c">FH</subfield>
            <subfield code="j">JBB 3.110/ 1</subfield>
            <subfield code="a">Bd. 1(1849)-11(1874) ; N.F., Bd. 1(1875)-63(1947) ; 1948-1987</subfield>
         </datafield>
         <datafield tag="852" ind1="4" ind2=" ">
            <subfield code="B">IDSBB</subfield>
            <subfield code="F">A208</subfield>
            <subfield code="c">LS</subfield>
            <subfield code="j">JF A III 3</subfield>
            <subfield code="a">Bd. 1(1849)-11(1874) ; N.F. Bd. 1(1875)-63(1947) ; 1948-1987</subfield>
         </datafield>
         <datafield tag="852" ind1="4" ind2=" ">
            <subfield code="B">IDSBB</subfield>
            <subfield code="F">B400</subfield>
            <subfield code="c">400J6</subfield>
            <subfield code="j">BeZ Jus z 611</subfield>
            <subfield code="a">Bd. [1],1848/50[2.Aufl.](1850) ; 2(1851)-11(1874)</subfield>
         </datafield>
         <datafield tag="852" ind1="4" ind2=" ">
            <subfield code="B">IDSBB</subfield>
            <subfield code="F">B400</subfield>
            <subfield code="c">400J6</subfield>
            <subfield code="j">BeZ Jus z 611 a</subfield>
            <subfield code="a">N.F., Bd. 1(1875)-63(1947); 1948-1987</subfield>
         </datafield>
         <datafield tag="852" ind1="4" ind2=" ">
            <subfield code="B">IDSBB</subfield>
            <subfield code="F">B400</subfield>
            <subfield code="c">400F4</subfield>
            <subfield code="j">BeM ZB H LIII 53</subfield>
            <subfield code="a">Bd. 1(1849)</subfield>
         </datafield>
         <datafield tag="852" ind1="4" ind2=" ">
            <subfield code="B">IDSBB</subfield>
            <subfield code="F">A150</subfield>
            <subfield code="c">MAG</subfield>
            <subfield code="j">ZBS KBS H II R 1 ff</subfield>
            <subfield code="a">1850-1935</subfield>
         </datafield>
         <datafield tag="852" ind1="4" ind2=" ">
            <subfield code="B">IDSBB</subfield>
            <subfield code="F">A150</subfield>
            <subfield code="c">MAG</subfield>
            <subfield code="j">ZBS XH 22</subfield>
            <subfield code="a">1 (1849)-11 (1874) ; N.F. 1 (1875)-63 (1947) ; 1948-1987</subfield>
         </datafield>
         <datafield tag="852" ind1="4" ind2=" ">
            <subfield code="B">IDSBB</subfield>
            <subfield code="F">B464</subfield>
            <subfield code="c">464ZO</subfield>
            <subfield code="j">JFO 3.110/ 3</subfield>
            <subfield code="a">1973-1987</subfield>
         </datafield>
         <datafield tag="852" ind1="4" ind2=" ">
            <subfield code="B">IDSBB</subfield>
            <subfield code="F">B464</subfield>
            <subfield code="c">464ZG</subfield>
            <subfield code="j">JFG 3.110/ 1</subfield>
            <subfield code="a">1974-1987</subfield>
         </datafield>
         <datafield tag="852" ind1="4" ind2=" ">
            <subfield code="B">IDSBB</subfield>
            <subfield code="F">B429</subfield>
            <subfield code="c">429MP</subfield>
            <subfield code="j">MfK Zsaeg-00</subfield>
            <subfield code="a">1(1848/50)-139(1987)50</subfield>
         </datafield>
         <datafield tag="852" ind1="4" ind2=" ">
            <subfield code="B">IDSBB</subfield>
            <subfield code="F">B434</subfield>
            <subfield code="c">434AD</subfield>
            <subfield code="j">StAB AD. CH 7</subfield>
            <subfield code="a">Bd. [1](1849)-11(1874) ; N.F., Bd. 1(1875)-63(1947) ; 1948-1987</subfield>
         </datafield>
         <datafield tag="852" ind1="4" ind2=" ">
            <subfield code="B">IDSBB</subfield>
            <subfield code="F">A202</subfield>
            <subfield code="c">202FM</subfield>
            <subfield code="j">DG SA 26</subfield>
            <subfield code="a">Bd. [1](1849)-11(1874) ; N.F., Bd. 1(1875)-63(1947) ; 1948-1949 ; 1979-1985</subfield>
         </datafield>
         <datafield tag="897" ind1=" " ind2=" ">
            <subfield code="a">b</subfield>
            <subfield code="b">8</subfield>
         </datafield>
         <datafield tag="897" ind1=" " ind2=" ">
            <subfield code="a">h</subfield>
            <subfield code="b">1</subfield>
         </datafield>
         <datafield tag="898" ind1=" " ind2=" ">
            <subfield code="a">CR030000</subfield>
            <subfield code="b">XR030000</subfield>
            <subfield code="c">XR030000</subfield>
         </datafield>
         <datafield tag="908" ind1=" " ind2=" ">
            <subfield code="D">1</subfield>
            <subfield code="a">Gesetze und Verordnungen = Lois, règlements</subfield>
         </datafield>
         <datafield tag="908" ind1=" " ind2=" ">
            <subfield code="D">2</subfield>
            <subfield code="b">Zeitschrift = Revue</subfield>
         </datafield>
         <datafield tag="912" ind1=" " ind2="7">
            <subfield code="a">rw</subfield>
            <subfield code="2">SzZuIDS BS/BE</subfield>
         </datafield>
         <datafield tag="950" ind1=" " ind2=" ">
            <subfield code="B">IDSBB</subfield>
            <subfield code="P">710</subfield>
            <subfield code="E">1-</subfield>
            <subfield code="a">Schweiz</subfield>
            <subfield code="b">Bundeskanzlei</subfield>
            <subfield code="0">(DE-588)37887-2</subfield>
         </datafield>
         <datafield tag="950" ind1=" " ind2=" ">
            <subfield code="B">IDSBB</subfield>
            <subfield code="P">710</subfield>
            <subfield code="E">1-</subfield>
            <subfield code="a">Schweiz</subfield>
            <subfield code="0">(DE-588)4053881-3</subfield>
         </datafield>
         <datafield tag="950" ind1=" " ind2=" ">
            <subfield code="B">IDSBB</subfield>
            <subfield code="P">785</subfield>
            <subfield code="E">-0</subfield>
            <subfield code="t">Amtliche Sammlung des Bundesrechts</subfield>
         </datafield>
         <datafield tag="986" ind1=" " ind2=" ">
            <subfield code="a">SWISSBIB</subfield>
            <subfield code="b">021671915</subfield>
         </datafield>
      <datafield tag="690" ind1="H" ind2="D">
	    	<subfield code="8">HA</subfield>
	    	<subfield code="a">Schweizerische Steuer-Gesetzgebung und -Judikatur : Steuergesetzgebung (Bund, einzelne Kantone)</subfield>
	    	<subfield code="2">HSG-IFF</subfield>
	    </datafield></record>