<record xmlns:xs="http://www.w3.org/2001/XMLSchema">
         <leader>     cam a22     u  4500</leader>
         <controlfield tag="001">187717761</controlfield>
         <controlfield tag="003">CHVBK</controlfield>
         <controlfield tag="005">20170824032526.0</controlfield>
         <controlfield tag="008">970902s1992    au d          001 0 ger  </controlfield>
         <datafield tag="020" ind1=" " ind2=" ">
            <subfield code="a">3-7046-0326-0</subfield>
         </datafield>
         <datafield tag="035" ind1=" " ind2=" ">
            <subfield code="a">(OCoLC)722236175</subfield>
         </datafield>
         <datafield tag="035" ind1=" " ind2=" ">
            <subfield code="a">(NEBIS)008012748</subfield>
         </datafield>
         <datafield tag="040" ind1=" " ind2=" ">
            <subfield code="a">SzZuIDS NEBIS UZH</subfield>
         <subfield code="d">SzZuIDS HSG</subfield></datafield>
         <datafield tag="245" ind1="0" ind2="4">
            <subfield code="a">Die öffentliche Verwaltung in Österreich</subfield>
            <subfield code="c">Bundeskanzleramt (Hrsg.)</subfield>
         </datafield>
         <datafield tag="260" ind1=" " ind2=" ">
            <subfield code="a">Wien</subfield>
            <subfield code="b">Österreichische Staatsdruckerei</subfield>
            <subfield code="c">1992</subfield>
         </datafield>
         <datafield tag="300" ind1=" " ind2=" ">
            <subfield code="a">327 S.</subfield>
            <subfield code="b">Fig., Tab.</subfield>
         </datafield>
         <datafield tag="690" ind1=" " ind2="7">
            <subfield code="B">u</subfield>
            <subfield code="a">Österreich Austria</subfield>
            <subfield code="2">idsuzh VE</subfield>
         </datafield>
         <datafield tag="690" ind1=" " ind2="7">
            <subfield code="B">u</subfield>
            <subfield code="a">öffentliche Verwaltung public administration</subfield>
            <subfield code="2">idsuzh VE</subfield>
         </datafield>
         <datafield tag="690" ind1=" " ind2="7">
            <subfield code="B">u</subfield>
            <subfield code="a">Lokalpolitik local government</subfield>
            <subfield code="2">idsuzh VE</subfield>
         </datafield>
         <datafield tag="710" ind1="1" ind2=" ">
            <subfield code="a">Österreich</subfield>
            <subfield code="b">Bundeskanzleramt</subfield>
            <subfield code="0">(DE-588)2029382-3</subfield>
         </datafield>
         <datafield tag="950" ind1=" " ind2=" ">
            <subfield code="B">NEBIS</subfield>
            <subfield code="P">710</subfield>
            <subfield code="E">1-</subfield>
            <subfield code="a">Österreich</subfield>
            <subfield code="b">Bundeskanzleramt</subfield>
            <subfield code="0">(DE-588)2029382-3</subfield>
         </datafield>
         <datafield tag="986" ind1=" " ind2=" ">
            <subfield code="a">SWISSBIB</subfield>
            <subfield code="b">095815899</subfield>
         </datafield>
         <datafield tag="898" ind1=" " ind2=" ">
            <subfield code="a">BK020000</subfield>
            <subfield code="b">XK020000</subfield>
            <subfield code="c">XK020000</subfield>
         </datafield>
         
      <datafield tag="690" ind1="H" ind2="D">
	    	<subfield code="8">YL2</subfield>
	    	<subfield code="a">Wirtschaftswissenschaften : Finanzwissenschaft. Betriebswirtschaftliche Steuerlehre : Haushaltsaufstellung, -verwaltung und -kontrolle</subfield>
	    	<subfield code="2">HSG-IFF</subfield>
	    </datafield></record>