<record xmlns:xs="http://www.w3.org/2001/XMLSchema">
         <leader>     cam a22     2  4500</leader>
         <controlfield tag="001">337430160</controlfield>
         <controlfield tag="003">CHVBK</controlfield>
         <controlfield tag="005">20180828071919.0</controlfield>
         <controlfield tag="008">150803s1971    sz            00    ger  </controlfield>
         <datafield tag="019" ind1=" " ind2=" ">
            <subfield code="a">RekatMedea: 090.0038</subfield>
            <subfield code="5">akswa</subfield>
         </datafield>
         <datafield tag="035" ind1=" " ind2=" ">
            <subfield code="a">(NEBIS)009794248</subfield>
         </datafield>
         <datafield tag="035" ind1=" " ind2=" ">
            <subfield code="a">(IDSBB)003804518</subfield>
         </datafield>
         <datafield tag="040" ind1=" " ind2=" ">
            <subfield code="a">SzZuIDS BS/BE A125</subfield>
            <subfield code="d">SzZuIDS NEBIS ETH-GESS</subfield>
         <subfield code="d">SzZuIDS HSG</subfield></datafield>
         <datafield tag="245" ind1="0" ind2="0">
            <subfield code="a">Grundsatzfragen einer föderalistischen Steuerordnung</subfield>
            <subfield code="c">Hans Letsch</subfield>
         </datafield>
         <datafield tag="260" ind1=" " ind2=" ">
            <subfield code="a">Bern</subfield>
            <subfield code="b">[s.n.]</subfield>
            <subfield code="c">1971</subfield>
         </datafield>
         <datafield tag="300" ind1=" " ind2=" ">
            <subfield code="a">[245-] 255 S.</subfield>
         </datafield>
         <datafield tag="500" ind1=" " ind2=" ">
            <subfield code="a">SA aus: "Der wirtschaftliche Staat-Theorie und Praxis"; 1971</subfield>
         </datafield>
         <datafield tag="700" ind1="1" ind2=" ">
            <subfield code="a">Letsch</subfield>
            <subfield code="D">Hans</subfield>
         </datafield>
         <datafield tag="909" ind1=" " ind2="7">
            <subfield code="f">akswamedea</subfield>
            <subfield code="2">idsbb A</subfield>
         </datafield>
         <datafield tag="950" ind1=" " ind2=" ">
            <subfield code="B">NEBIS</subfield>
            <subfield code="P">700</subfield>
            <subfield code="E">1-</subfield>
            <subfield code="a">Letsch</subfield>
            <subfield code="D">Hans</subfield>
         </datafield>
         <datafield tag="950" ind1=" " ind2=" ">
            <subfield code="B">IDSBB</subfield>
            <subfield code="P">100</subfield>
            <subfield code="E">1-</subfield>
            <subfield code="a">Letsch</subfield>
            <subfield code="D">Hans</subfield>
            <subfield code="d">1924-</subfield>
            <subfield code="0">(DE-588)170169782</subfield>
         </datafield>
         <datafield tag="986" ind1=" " ind2=" ">
            <subfield code="a">SWISSBIB</subfield>
            <subfield code="b">337430160</subfield>
         </datafield>
         <datafield tag="898" ind1=" " ind2=" ">
            <subfield code="a">BK020000</subfield>
            <subfield code="b">XK020000</subfield>
            <subfield code="c">XK020000</subfield>
         </datafield>
         
         
      <datafield tag="690" ind1="H" ind2="D">
	    	<subfield code="8">YB</subfield>
	    	<subfield code="a">Wirtschaftswissenschaften : Allgemeines. Methoden der W. Unterrichts- und Ausbildungsmethoden in den W., Wirtschaftspädagogik</subfield>
	    	<subfield code="2">HSG-IFF</subfield>
	    </datafield></record>