<record xmlns:xs="http://www.w3.org/2001/XMLSchema">
         <leader>     caa a22        4500</leader>
         <controlfield tag="001">43500932X</controlfield>
         <controlfield tag="003">CHVBK</controlfield>
         <controlfield tag="005">20190131092238.0</controlfield>
         <controlfield tag="008">170125s2001    sz            10    ger d</controlfield>
         <datafield tag="019" ind1=" " ind2=" ">
            <subfield code="a">!!!"BDS"!!!</subfield>
            <subfield code="5">neubfd/04.2002</subfield>
         </datafield>
         <datafield tag="035" ind1=" " ind2=" ">
            <subfield code="a">(RERO)R003177118</subfield>
         </datafield>
         <datafield tag="035" ind1=" " ind2=" ">
            <subfield code="a">(VAUD)991002524889702852</subfield>
         </datafield>
         <datafield tag="035" ind1=" " ind2=" ">
            <subfield code="a">(RNV)003177118-41bculausa_network</subfield>
         </datafield>
         <datafield tag="035" ind1=" " ind2=" ">
            <subfield code="a">(RERO)003177118</subfield>
         </datafield>
         <datafield tag="035" ind1=" " ind2=" ">
            <subfield code="a">R003177118</subfield>
         </datafield>
         <datafield tag="035" ind1=" " ind2=" ">
            <subfield code="a">(EXLNZ-41BCULAUSA_NETWORK)991002165149702851</subfield>
         </datafield>
         <datafield tag="040" ind1=" " ind2=" ">
            <subfield code="a">CH-MyRERO</subfield>
            <subfield code="d">CHVBK</subfield>
         <subfield code="d">SzZuIDS HSG</subfield></datafield>
         <datafield tag="044" ind1=" " ind2=" ">
            <subfield code="a">sz</subfield>
            <subfield code="c">ch-be</subfield>
         </datafield>
         <datafield tag="072" ind1=" " ind2="7">
            <subfield code="a">s1dr</subfield>
            <subfield code="2">rero</subfield>
         </datafield>
         <datafield tag="100" ind1="1" ind2=" ">
            <subfield code="a">Misteli</subfield>
            <subfield code="D">Jonas</subfield>
         </datafield>
         <datafield tag="245" ind1="1" ind2="0">
            <subfield code="a">Neuerungen in der steuerlichen Behandlung von Kapitalerträgen aus amerikanischen Quellen</subfield>
            <subfield code="b">unter besonderer Berücksichtigung der Neuordnung des zusätzlichen Steuerrückbehalts</subfield>
            <subfield code="c">von Jonas Misteli</subfield>
         </datafield>
         <datafield tag="580" ind1=" " ind2=" ">
            <subfield code="a">In: Aktuelle Rechtsprobleme des Finanz- und Börsenplatzes Schweiz. - Bern : Stämpfli, 2001. - P. 19-36</subfield>
         </datafield>
         <datafield tag="650" ind1=" " ind2="7">
            <subfield code="a">impôt à la source</subfield>
            <subfield code="9">fre</subfield>
            <subfield code="2">jurivoc</subfield>
         </datafield>
         <datafield tag="650" ind1=" " ind2="7">
            <subfield code="a">double imposition internationale</subfield>
            <subfield code="9">fre</subfield>
            <subfield code="2">jurivoc</subfield>
         </datafield>
         <datafield tag="650" ind1=" " ind2="7">
            <subfield code="a">fortune mobilière et son revenu(double imposition)</subfield>
            <subfield code="9">fre</subfield>
            <subfield code="2">jurivoc</subfield>
         </datafield>
         <datafield tag="650" ind1=" " ind2="7">
            <subfield code="a">imposta alla fonte</subfield>
            <subfield code="9">ita</subfield>
            <subfield code="2">jurivoc</subfield>
         </datafield>
         <datafield tag="650" ind1=" " ind2="7">
            <subfield code="a">doppia imposizione internazionale</subfield>
            <subfield code="9">ita</subfield>
            <subfield code="2">jurivoc</subfield>
         </datafield>
         <datafield tag="650" ind1=" " ind2="7">
            <subfield code="a">sostanza mobiliare e relativo reddito(doppia imposizione)</subfield>
            <subfield code="9">ita</subfield>
            <subfield code="2">jurivoc</subfield>
         </datafield>
         <datafield tag="650" ind1=" " ind2="7">
            <subfield code="a">internationale Doppelbesteuerung</subfield>
            <subfield code="9">ger</subfield>
            <subfield code="2">jurivoc</subfield>
         </datafield>
         <datafield tag="650" ind1=" " ind2="7">
            <subfield code="a">Quellensteuer</subfield>
            <subfield code="9">ger</subfield>
            <subfield code="2">jurivoc</subfield>
         </datafield>
         <datafield tag="650" ind1=" " ind2="7">
            <subfield code="a">bewegliches Vermögen und Vermögensertrag(Doppelbesteuerung)</subfield>
            <subfield code="9">ger</subfield>
            <subfield code="2">jurivoc</subfield>
         </datafield>
         <datafield tag="651" ind1=" " ind2="7">
            <subfield code="a">Suisse(État)</subfield>
            <subfield code="9">fre</subfield>
            <subfield code="2">jurivoc</subfield>
         </datafield>
         <datafield tag="651" ind1=" " ind2="7">
            <subfield code="a">USA</subfield>
            <subfield code="9">fre</subfield>
            <subfield code="2">jurivoc</subfield>
         </datafield>
         <datafield tag="651" ind1=" " ind2="7">
            <subfield code="a">Svizzera(Stato)</subfield>
            <subfield code="9">ita</subfield>
            <subfield code="2">jurivoc</subfield>
         </datafield>
         <datafield tag="651" ind1=" " ind2="7">
            <subfield code="a">USA</subfield>
            <subfield code="9">ita</subfield>
            <subfield code="2">jurivoc</subfield>
         </datafield>
         <datafield tag="651" ind1=" " ind2="7">
            <subfield code="a">Schweiz</subfield>
            <subfield code="9">ger</subfield>
            <subfield code="2">jurivoc</subfield>
         </datafield>
         <datafield tag="651" ind1=" " ind2="7">
            <subfield code="a">USA</subfield>
            <subfield code="9">ger</subfield>
            <subfield code="2">jurivoc</subfield>
         </datafield>
         <datafield tag="691" ind1=" " ind2="7">
            <subfield code="2">rero dr-sys</subfield>
            <subfield code="u">CA/CH 54.3 i</subfield>
         </datafield>
         <datafield tag="691" ind1=" " ind2="7">
            <subfield code="2">rero dr-sys</subfield>
            <subfield code="u">CB/USA 54.3 i</subfield>
         </datafield>
         <datafield tag="691" ind1=" " ind2="7">
            <subfield code="2">vaud dr-sys</subfield>
            <subfield code="u">CA/CH 54.3 i</subfield>
         </datafield>
         <datafield tag="691" ind1=" " ind2="7">
            <subfield code="2">vaud dr-sys</subfield>
            <subfield code="u">CB/USA 54.3 i</subfield>
         </datafield>
         <datafield tag="773" ind1="1" ind2=" ">
            <subfield code="t">Aktuelle Rechtsprobleme des Finanz- und Börsenplatzes Schweiz</subfield>
            <subfield code="g">19</subfield>
         </datafield>
         <datafield tag="950" ind1=" " ind2=" ">
            <subfield code="B">RERO</subfield>
            <subfield code="P">100</subfield>
            <subfield code="E">1-</subfield>
            <subfield code="a">Misteli</subfield>
            <subfield code="D">Jonas</subfield>
         </datafield>
         <datafield tag="950" ind1=" " ind2=" ">
            <subfield code="B">RERO</subfield>
            <subfield code="P">773</subfield>
            <subfield code="E">1-</subfield>
            <subfield code="t">Aktuelle Rechtsprobleme des Finanz- und Börsenplatzes Schweiz</subfield>
            <subfield code="g">19</subfield>
         </datafield>
         <datafield tag="950" ind1=" " ind2=" ">
            <subfield code="B">VAUD</subfield>
            <subfield code="P">100</subfield>
            <subfield code="E">1-</subfield>
            <subfield code="a">Misteli</subfield>
            <subfield code="D">Jonas</subfield>
         </datafield>
         <datafield tag="950" ind1=" " ind2=" ">
            <subfield code="B">VAUD</subfield>
            <subfield code="P">773</subfield>
            <subfield code="E">1-</subfield>
            <subfield code="t">Aktuelle Rechtsprobleme des Finanz- und Börsenplatzes Schweiz</subfield>
            <subfield code="g">19</subfield>
         </datafield>
         <datafield tag="986" ind1=" " ind2=" ">
            <subfield code="a">SWISSBIB</subfield>
            <subfield code="b">349424543</subfield>
         </datafield>
         <datafield tag="898" ind1=" " ind2=" ">
            <subfield code="a">BK010800</subfield>
            <subfield code="b">XK010000</subfield>
            <subfield code="c">XK010000</subfield>
         </datafield>
         
         
         
      <datafield tag="690" ind1="H" ind2="D">
	    	<subfield code="8">WB</subfield>
	    	<subfield code="a">179 Uebrige Literatur : 179 Oeffentliches Recht</subfield>
	    	<subfield code="2">HSG-IFF</subfield>
	    </datafield></record>