<record xmlns:xs="http://www.w3.org/2001/XMLSchema">
         <leader>     cam a22        4500</leader>
         <controlfield tag="001">280294689</controlfield>
         <controlfield tag="003">CHVBK</controlfield>
         <controlfield tag="005">20190223082857.0</controlfield>
         <controlfield tag="008">130818s1994    au            00    ger d</controlfield>
         <datafield tag="020" ind1=" " ind2=" ">
            <subfield code="a">3-85122-421-3</subfield>
         </datafield>
         <datafield tag="035" ind1=" " ind2=" ">
            <subfield code="a">(RERO)1941438</subfield>
         </datafield>
         <datafield tag="035" ind1=" " ind2=" ">
            <subfield code="a">(LIBIB)000071823</subfield>
         </datafield>
         <datafield tag="035" ind1=" " ind2=" ">
            <subfield code="a">(IDSBB)001033567</subfield>
         </datafield>
         <datafield tag="035" ind1=" " ind2=" ">
            <subfield code="a">(NEBIS)001372633</subfield>
         </datafield>
         <datafield tag="035" ind1=" " ind2=" ">
            <subfield code="a">(IDSSG)000991491</subfield>
         </datafield>
         <datafield tag="040" ind1=" " ind2=" ">
            <subfield code="a">CH-MyRERO</subfield>
            <subfield code="d">CHVBK</subfield>
         <subfield code="d">SzZuIDS HSG</subfield></datafield>
         <datafield tag="072" ind1=" " ind2="7">
            <subfield code="a">s1dr</subfield>
            <subfield code="2">rero</subfield>
         </datafield>
         <datafield tag="082" ind1="1" ind2=" ">
            <subfield code="a">340</subfield>
            <subfield code="2">15</subfield>
         </datafield>
         <datafield tag="084" ind1=" " ind2=" ">
            <subfield code="a">PP 6920</subfield>
            <subfield code="2">rvk</subfield>
         </datafield>
         <datafield tag="084" ind1=" " ind2=" ">
            <subfield code="a">PP 8040</subfield>
            <subfield code="2">rvk</subfield>
         </datafield>
         <datafield tag="084" ind1=" " ind2=" ">
            <subfield code="a">PP 8080</subfield>
            <subfield code="2">rvk</subfield>
         </datafield>
         <datafield tag="084" ind1=" " ind2=" ">
            <subfield code="a">PP 8120</subfield>
            <subfield code="2">rvk</subfield>
         </datafield>
         <datafield tag="084" ind1=" " ind2=" ">
            <subfield code="a">QL 530</subfield>
            <subfield code="2">rvk</subfield>
         </datafield>
         <datafield tag="091" ind1=" " ind2=" ">
            <subfield code="a">FL001290B23F0240DD0ADC1257146002EA6CC</subfield>
         </datafield>
         <datafield tag="245" ind1="0" ind2="0">
            <subfield code="a">Aktuelle Entwicklungen im internationalen Steuerrecht</subfield>
            <subfield code="b">das neue Musterabkommen der OECD</subfield>
            <subfield code="c">hrsg. von Wolfgang Gassner, Michael Lang, Eduard Lechner</subfield>
         </datafield>
         <datafield tag="260" ind1=" " ind2=" ">
            <subfield code="a">Wien</subfield>
            <subfield code="b">Linde</subfield>
            <subfield code="c">cop. 1994</subfield>
         </datafield>
         <datafield tag="300" ind1=" " ind2=" ">
            <subfield code="a">280 S.</subfield>
            <subfield code="c">25 cm</subfield>
         </datafield>
         <datafield tag="500" ind1=" " ind2=" ">
            <subfield code="a">Die Beiträge dieses Buches beruhen auf einem Seminar, das am 1. Juni 1994 an der Wirtschaftsuniversität Wien abgehalten wurde</subfield>
         </datafield>
         <datafield tag="610" ind1="2" ind2="7">
            <subfield code="a">Organisation de coopération et de développement économiques</subfield>
            <subfield code="2">rero</subfield>
         </datafield>
         <datafield tag="610" ind1="2" ind2="7">
            <subfield code="a">OECD</subfield>
            <subfield code="0">(DE-588)5157-3</subfield>
            <subfield code="2">gnd</subfield>
         </datafield>
         <datafield tag="610" ind1="2" ind2="7">
            <subfield code="a">OECD</subfield>
            <subfield code="t">OECD-Musterabkommen zur Vermeidung der Doppelbesteuerung</subfield>
            <subfield code="0">(DE-588)4358384-2</subfield>
            <subfield code="2">gnd</subfield>
         </datafield>
         <datafield tag="610" ind1="2" ind2="7">
            <subfield code="a">OECD</subfield>
            <subfield code="2">idszbz</subfield>
         </datafield>
         <datafield tag="650" ind1=" " ind2="7">
            <subfield code="a">Droit fiscal</subfield>
            <subfield code="2">rero</subfield>
         </datafield>
         <datafield tag="650" ind1=" " ind2="7">
            <subfield code="a">Droit international</subfield>
            <subfield code="2">rero</subfield>
         </datafield>
         <datafield tag="650" ind1=" " ind2="7">
            <subfield code="a">OECD</subfield>
            <subfield code="x">Internationale Doppelbesteuerung</subfield>
            <subfield code="2">idsbb</subfield>
         </datafield>
         <datafield tag="650" ind1=" " ind2="7">
            <subfield code="a">Internationale Doppelbesteuerung</subfield>
            <subfield code="x">OECD</subfield>
            <subfield code="2">idsbb</subfield>
         </datafield>
         <datafield tag="650" ind1=" " ind2="7">
            <subfield code="a">Internationales Steuerrecht</subfield>
            <subfield code="2">idsbb</subfield>
         </datafield>
         <datafield tag="650" ind1=" " ind2="7">
            <subfield code="a">Auslegung</subfield>
            <subfield code="0">(DE-588)4069008-8</subfield>
            <subfield code="2">gnd</subfield>
         </datafield>
         <datafield tag="650" ind1=" " ind2="7">
            <subfield code="a">Doppelbesteuerungsabkommen</subfield>
            <subfield code="0">(DE-588)4070544-4</subfield>
            <subfield code="2">gnd</subfield>
         </datafield>
         <datafield tag="650" ind1=" " ind2="7">
            <subfield code="a">Doppelbesteuerung</subfield>
            <subfield code="2">idszbz</subfield>
         </datafield>
         <datafield tag="650" ind1=" " ind2="7">
            <subfield code="a">Völkerrechtlicher Vertrag</subfield>
            <subfield code="2">idszbz</subfield>
         </datafield>
         <datafield tag="655" ind1=" " ind2="7">
            <subfield code="a">Aufsatzsammlung</subfield>
            <subfield code="2">idszbz</subfield>
         </datafield>
         <datafield tag="690" ind1=" " ind2="7">
            <subfield code="B">u</subfield>
            <subfield code="a">Doppelbesteuerung; Abkommen; Regel; Auslegung; Entwicklung; Leasing; Verbesserungsvorschlag; Künstler; Sportler; Ausschuss; Hochschule; Arbeitnehmer; Karner; Claus; Linde; Autor; Kommentar; Software; Transferpreis</subfield>
            <subfield code="2">ids J1</subfield>
         </datafield>
         <datafield tag="690" ind1=" " ind2="7">
            <subfield code="B">u</subfield>
            <subfield code="a">Musterabkommen; -Tage-Regel; Arbeitskräfteüberlassung; Gegenberichtigung; OECD-Steuerausschuss; Arbeitnehmerbeitrag; Pensionseinrichtung</subfield>
            <subfield code="2">ids J2</subfield>
         </datafield>
         <datafield tag="690" ind1=" " ind2="7">
            <subfield code="B">u</subfield>
            <subfield code="a">aktuelle Entwicklung; neues Musterabkommen</subfield>
            <subfield code="2">ids J3</subfield>
         </datafield>
         <datafield tag="690" ind1=" " ind2="7">
            <subfield code="B">u</subfield>
            <subfield code="a">Andrea Lahodny; Andrea Sauer; Claus Staringer; Doz. WP; Dr. Michael Lang DDr; Dr. Wolfgang Gassner; Karner Verrechnungspreise Gegenberichtigung; Martin Jann; Michael Lang DDr; Michael Lang Treaty; Michael Tümpel; Prof. LINDE; Prof. Univ.; Robert Firlinger; Roland Rief Künstler Sportler; Wolfgang Gassner Michael Lang Treaty Shopping</subfield>
            <subfield code="2">ids J5</subfield>
         </datafield>
         <datafield tag="690" ind1=" " ind2="7">
            <subfield code="B">u</subfield>
            <subfield code="u">LC</subfield>
            <subfield code="a">Interkantonales/Internationales Steuerrecht : Internationales Steuerrecht</subfield>
            <subfield code="2">idssg HD</subfield>
         </datafield>
         <datafield tag="691" ind1=" " ind2="7">
            <subfield code="2">rero dr-sys</subfield>
            <subfield code="u">A 54 h</subfield>
         </datafield>
         <datafield tag="691" ind1=" " ind2="7">
            <subfield code="2">rero dr-sys</subfield>
            <subfield code="u">A 54 e</subfield>
         </datafield>
         <datafield tag="691" ind1=" " ind2="7">
            <subfield code="B">u</subfield>
            <subfield code="u">336.2</subfield>
            <subfield code="a">Staatseinkommen</subfield>
            <subfield code="2">libib XD</subfield>
         </datafield>
         <datafield tag="691" ind1=" " ind2="7">
            <subfield code="B">u</subfield>
            <subfield code="u">349.121</subfield>
            <subfield code="a">Internationales Steuerrecht</subfield>
            <subfield code="2">libib XD</subfield>
         </datafield>
         <datafield tag="691" ind1=" " ind2="7">
            <subfield code="B">u</subfield>
            <subfield code="u">WH 9.3.1</subfield>
            <subfield code="2">idsbb GD</subfield>
         </datafield>
         <datafield tag="700" ind1="1" ind2=" ">
            <subfield code="a">Gassner</subfield>
            <subfield code="D">Wolfgang</subfield>
         </datafield>
         <datafield tag="898" ind1=" " ind2=" ">
            <subfield code="a">BK020000</subfield>
            <subfield code="b">XK020000</subfield>
            <subfield code="c">XK020000</subfield>
         </datafield>
         <datafield tag="912" ind1=" " ind2="7">
            <subfield code="a">rs</subfield>
            <subfield code="2">FL</subfield>
         </datafield>
         <datafield tag="912" ind1=" " ind2="7">
            <subfield code="a">ww</subfield>
            <subfield code="2">FL</subfield>
         </datafield>
         <datafield tag="912" ind1=" " ind2="7">
            <subfield code="a">rw</subfield>
            <subfield code="2">SzZuIDS BS/BE</subfield>
         </datafield>
         <datafield tag="912" ind1=" " ind2="7">
            <subfield code="a">M106</subfield>
            <subfield code="2">Z01</subfield>
         </datafield>
         
         
         
         
         
         
         
         
         
         
         
         <datafield tag="950" ind1=" " ind2=" ">
            <subfield code="B">RERO</subfield>
            <subfield code="P">700</subfield>
            <subfield code="E">1-</subfield>
            <subfield code="a">Gassner</subfield>
            <subfield code="D">Wolfgang</subfield>
         </datafield>
         <datafield tag="950" ind1=" " ind2=" ">
            <subfield code="B">LIBIB</subfield>
            <subfield code="P">700</subfield>
            <subfield code="E">1-</subfield>
            <subfield code="a">Gassner</subfield>
            <subfield code="D">Wolfgang</subfield>
         </datafield>
         <datafield tag="950" ind1=" " ind2=" ">
            <subfield code="B">LIBIB</subfield>
            <subfield code="P">856</subfield>
            <subfield code="E">--</subfield>
            <subfield code="a">http://doc1.lbfl.li</subfield>
            <subfield code="d">/aah</subfield>
            <subfield code="f">000A080581.pdf</subfield>
            <subfield code="u">http://doc1.lbfl.li/aah/000A080581.pdf</subfield>
            <subfield code="z">Inhaltsverzeichnis (pdf)</subfield>
            <subfield code="2">file</subfield>
            <subfield code="3">Inhaltsverzeichnis</subfield>
         </datafield>
         <datafield tag="950" ind1=" " ind2=" ">
            <subfield code="B">IDSBB</subfield>
            <subfield code="P">700</subfield>
            <subfield code="E">1-</subfield>
            <subfield code="a">Gassner</subfield>
            <subfield code="D">Wolfgang</subfield>
         </datafield>
         <datafield tag="950" ind1=" " ind2=" ">
            <subfield code="B">NEBIS</subfield>
            <subfield code="P">700</subfield>
            <subfield code="E">1-</subfield>
            <subfield code="a">Gassner</subfield>
            <subfield code="D">Wolfgang</subfield>
         </datafield>
         <datafield tag="950" ind1=" " ind2=" ">
            <subfield code="B">IDSSG</subfield>
            <subfield code="P">100</subfield>
            <subfield code="E">1-</subfield>
            <subfield code="a">Gassner</subfield>
            <subfield code="D">Wolfgang</subfield>
            <subfield code="e">Verfasser</subfield>
            <subfield code="4">aut</subfield>
         </datafield>
         <datafield tag="950" ind1=" " ind2=" ">
            <subfield code="B">IDSSG</subfield>
            <subfield code="P">700</subfield>
            <subfield code="E">1-</subfield>
            <subfield code="a">Lang</subfield>
            <subfield code="D">Michael</subfield>
         </datafield>
         <datafield tag="950" ind1=" " ind2=" ">
            <subfield code="B">IDSSG</subfield>
            <subfield code="P">700</subfield>
            <subfield code="E">1-</subfield>
            <subfield code="a">Lechner</subfield>
            <subfield code="D">Eduard</subfield>
         </datafield>
      <datafield tag="690" ind1="H" ind2="D">
	    	<subfield code="8">LC</subfield>
	    	<subfield code="a">Interkantonales/Internationales Steuerrecht : Internationales Steuerrecht</subfield>
	    	<subfield code="2">HSG-IFF</subfield>
	    </datafield></record>