<record xmlns:xs="http://www.w3.org/2001/XMLSchema">
         <leader>     cam a22     7  4500</leader>
         <controlfield tag="001">14594820X</controlfield>
         <controlfield tag="003">CHVBK</controlfield>
         <controlfield tag="005">20190116032947.0</controlfield>
         <controlfield tag="008">990902s1975    xxu           0     eng d</controlfield>
         <datafield tag="020" ind1=" " ind2=" ">
            <subfield code="a">0-669-03343-X</subfield>
         </datafield>
         <datafield tag="035" ind1=" " ind2=" ">
            <subfield code="a">(OCoLC)633555238</subfield>
         </datafield>
         <datafield tag="035" ind1=" " ind2=" ">
            <subfield code="a">(NEBIS)002424065</subfield>
         </datafield>
         <datafield tag="040" ind1=" " ind2=" ">
            <subfield code="a">SzZuIDS NEBIS ETH-BAU</subfield>
         <subfield code="d">SzZuIDS HSG</subfield></datafield>
         <datafield tag="245" ind1="0" ind2="0">
            <subfield code="a">Air pollution control</subfield>
            <subfield code="b">a welfare economic interpretation</subfield>
            <subfield code="c">Robert E. Kohn</subfield>
         </datafield>
         <datafield tag="260" ind1=" " ind2=" ">
            <subfield code="a">Lexington, Mass.</subfield>
            <subfield code="b">Lexington Books</subfield>
            <subfield code="c">1975</subfield>
         </datafield>
         <datafield tag="300" ind1=" " ind2=" ">
            <subfield code="a">155 p.</subfield>
            <subfield code="b">Ill.</subfield>
         </datafield>
         <datafield tag="691" ind1=" " ind2="7">
            <subfield code="B">u</subfield>
            <subfield code="a">LUFTVERUNREINIGUNG (UMWELTPROBLEME)</subfield>
            <subfield code="z">ger</subfield>
            <subfield code="u">504.3.054</subfield>
            <subfield code="2">nebis E1</subfield>
         </datafield>
         <datafield tag="691" ind1=" " ind2="7">
            <subfield code="B">u</subfield>
            <subfield code="a">ÖKONOMISCHE GESICHTSPUNKTE DER UMWELTBELASTUNG</subfield>
            <subfield code="z">ger</subfield>
            <subfield code="u">504.03</subfield>
            <subfield code="2">nebis E1</subfield>
         </datafield>
         <datafield tag="691" ind1=" " ind2="7">
            <subfield code="B">u</subfield>
            <subfield code="a">AIR POLLUTION (ENVIRONMENTAL PROBLEMS)</subfield>
            <subfield code="z">eng</subfield>
            <subfield code="u">504.3.054</subfield>
            <subfield code="2">nebis E1</subfield>
         </datafield>
         <datafield tag="691" ind1=" " ind2="7">
            <subfield code="B">u</subfield>
            <subfield code="a">POLLUTION DE L'AIR (PROBLÈMES ENVIRONNEMENTAUX)</subfield>
            <subfield code="z">fre</subfield>
            <subfield code="u">504.3.054</subfield>
            <subfield code="2">nebis E1</subfield>
         </datafield>
         <datafield tag="691" ind1=" " ind2="7">
            <subfield code="B">u</subfield>
            <subfield code="a">SOCIO-ECONOMIC ASPECTS OF ENVIRONMENTAL IMPACTS</subfield>
            <subfield code="z">eng</subfield>
            <subfield code="u">504.03</subfield>
            <subfield code="2">nebis E1</subfield>
         </datafield>
         <datafield tag="691" ind1=" " ind2="7">
            <subfield code="B">u</subfield>
            <subfield code="a">ASPECTS SOCIO-ÉCONOMIQUES DES ATTEINTES À L'ENVIRONNEMENT</subfield>
            <subfield code="z">fre</subfield>
            <subfield code="u">504.03</subfield>
            <subfield code="2">nebis E1</subfield>
         </datafield>
         <datafield tag="700" ind1="1" ind2=" ">
            <subfield code="a">Kohn</subfield>
            <subfield code="D">Robert E.</subfield>
         </datafield>
         <datafield tag="912" ind1=" " ind2="7">
            <subfield code="a">154</subfield>
            <subfield code="2">E01-20180101</subfield>
         </datafield>
         <datafield tag="950" ind1=" " ind2=" ">
            <subfield code="B">NEBIS</subfield>
            <subfield code="P">700</subfield>
            <subfield code="E">1-</subfield>
            <subfield code="a">Kohn</subfield>
            <subfield code="D">Robert E.</subfield>
         </datafield>
         <datafield tag="986" ind1=" " ind2=" ">
            <subfield code="a">SWISSBIB</subfield>
            <subfield code="b">14594820X</subfield>
         </datafield>
         <datafield tag="898" ind1=" " ind2=" ">
            <subfield code="a">BK020000</subfield>
            <subfield code="b">XK020000</subfield>
            <subfield code="c">XK020000</subfield>
         </datafield>
         
      <datafield tag="690" ind1="H" ind2="D">
	    	<subfield code="8">YY</subfield>
	    	<subfield code="a">Wirtschaftswissenschaften : Regionale Wirtschaftspolitik. Stadtplanung</subfield>
	    	<subfield code="2">HSG-IFF</subfield>
	    </datafield></record>