<record xmlns:xs="http://www.w3.org/2001/XMLSchema">
         <leader>     cam a22     2  4500</leader>
         <controlfield tag="001">093556896</controlfield>
         <controlfield tag="003">CHVBK</controlfield>
         <controlfield tag="005">20190119161215.0</controlfield>
         <controlfield tag="008">031113s1969    sz            00    ger  </controlfield>
         <datafield tag="019" ind1=" " ind2=" ">
            <subfield code="a">MedeaB589: 1591179</subfield>
            <subfield code="5">rekat</subfield>
         </datafield>
         <datafield tag="035" ind1=" " ind2=" ">
            <subfield code="a">(OCoLC)428250096</subfield>
         </datafield>
         <datafield tag="035" ind1=" " ind2=" ">
            <subfield code="a">(IDSBB)004968865</subfield>
         </datafield>
         <datafield tag="040" ind1=" " ind2=" ">
            <subfield code="a">SzZuIDS NEBIS</subfield>
            <subfield code="d">SzZuIDS BS/BE B589</subfield>
            <subfield code="e">kids</subfield>
         <subfield code="d">SzZuIDS HSG</subfield></datafield>
         <datafield tag="245" ind1="0" ind2="4">
            <subfield code="a">Die Standortanforderungen der schweizerischen Industrie</subfield>
            <subfield code="c">bearb.: Hans Elsasser ; hrsg. Institut für Orts-, Regional- und Landesplanung an der ETHZ</subfield>
         </datafield>
         <datafield tag="264" ind1=" " ind2="1">
            <subfield code="a">Zürich</subfield>
            <subfield code="b">Institut für Orts-, Regional- und Landesplanung an der ETHZ</subfield>
            <subfield code="c">1969</subfield>
         </datafield>
         <datafield tag="300" ind1=" " ind2=" ">
            <subfield code="a">40 Bl.</subfield>
            <subfield code="b">Ill.</subfield>
         </datafield>
         <datafield tag="336" ind1=" " ind2=" ">
            <subfield code="a">Text</subfield>
            <subfield code="b">txt</subfield>
            <subfield code="2">rdacontent/ger</subfield>
         </datafield>
         <datafield tag="337" ind1=" " ind2=" ">
            <subfield code="a">ohne Hilfsmittel zu benutzen</subfield>
            <subfield code="b">n</subfield>
            <subfield code="2">rdamedia/ger</subfield>
         </datafield>
         <datafield tag="338" ind1=" " ind2=" ">
            <subfield code="a">Band</subfield>
            <subfield code="b">nc</subfield>
            <subfield code="2">rdacarrier/ger</subfield>
         </datafield>
         <datafield tag="490" ind1="0" ind2=" ">
            <subfield code="a">Arbeitsberichte zur Orts-, Regional- und Landesplanung</subfield>
            <subfield code="v">Nr. 10, Ed. 1969</subfield>
            <subfield code="i">10/1969</subfield>
            <subfield code="w">(IDSBB)000034753</subfield>
            <subfield code="9">122622782</subfield>
         </datafield>
         <datafield tag="504" ind1=" " ind2=" ">
            <subfield code="a">Literaturverz.</subfield>
         </datafield>
         <datafield tag="710" ind1="2" ind2=" ">
            <subfield code="a">Institut für Orts-, Regional- und Landesplanung</subfield>
            <subfield code="g">Zürich</subfield>
            <subfield code="0">(DE-588)4104014-4</subfield>
         </datafield>
         <datafield tag="909" ind1=" " ind2="7">
            <subfield code="f">medeabern</subfield>
            <subfield code="2">idsbb B</subfield>
         </datafield>
         <datafield tag="950" ind1=" " ind2=" ">
            <subfield code="B">IDSBB</subfield>
            <subfield code="P">490</subfield>
            <subfield code="E">0-</subfield>
            <subfield code="a">Arbeitsberichte zur Orts-, Regional- und Landesplanung</subfield>
            <subfield code="v">Nr. 10, Ed. 1969</subfield>
            <subfield code="i">10/1969</subfield>
            <subfield code="w">(IDSBB)000034753</subfield>
            <subfield code="9">122622782</subfield>
         </datafield>
         <datafield tag="950" ind1=" " ind2=" ">
            <subfield code="B">IDSBB</subfield>
            <subfield code="P">710</subfield>
            <subfield code="E">2-</subfield>
            <subfield code="a">Institut für Orts-, Regional- und Landesplanung</subfield>
            <subfield code="g">Zürich</subfield>
            <subfield code="0">(DE-588)4104014-4</subfield>
         </datafield>
         <datafield tag="898" ind1=" " ind2=" ">
            <subfield code="a">BK020000</subfield>
            <subfield code="b">XK020000</subfield>
            <subfield code="c">XK020000</subfield>
         </datafield>
         
         
      <datafield tag="690" ind1="H" ind2="D">
	    	<subfield code="8">YY</subfield>
	    	<subfield code="a">Wirtschaftswissenschaften : Regionale Wirtschaftspolitik. Stadtplanung</subfield>
	    	<subfield code="2">HSG-IFF</subfield>
	    </datafield></record>