<record xmlns:xs="http://www.w3.org/2001/XMLSchema">
         <leader>     cam a22     u  4500</leader>
         <controlfield tag="001">284650331</controlfield>
         <controlfield tag="003">CHVBK</controlfield>
         <controlfield tag="005">20181117100236.0</controlfield>
         <controlfield tag="008">130819s1991    gw     | mm   00   |ger|d</controlfield>
         <datafield tag="015" ind1=" " ind2=" ">
            <subfield code="a">91,A24,0304</subfield>
         </datafield>
         <datafield tag="019" ind1=" " ind2=" ">
            <subfield code="a">Rupp, Friedrich (1959-) / Kobe</subfield>
         </datafield>
         <datafield tag="020" ind1=" " ind2=" ">
            <subfield code="a">3-631-42392-6 (kart.)</subfield>
         </datafield>
         <datafield tag="035" ind1=" " ind2=" ">
            <subfield code="a">(NEBIS)001179996</subfield>
         </datafield>
         <datafield tag="035" ind1=" " ind2=" ">
            <subfield code="a">(SNL)991007964259703976</subfield>
         </datafield>
         <datafield tag="035" ind1=" " ind2=" ">
            <subfield code="a">(RERO)1360442</subfield>
         </datafield>
         <datafield tag="035" ind1=" " ind2=" ">
            <subfield code="a">(IDSSG)000991757</subfield>
         </datafield>
         <datafield tag="035" ind1=" " ind2=" ">
            <subfield code="a">(Sz)975317-41snl_51</subfield>
         </datafield>
         <datafield tag="035" ind1=" " ind2=" ">
            <subfield code="a">(Sz)vtls000975317</subfield>
         </datafield>
         <datafield tag="035" ind1=" " ind2=" ">
            <subfield code="a">(Sz)000975317</subfield>
         </datafield>
         <datafield tag="040" ind1=" " ind2=" ">
            <subfield code="a">ZBZ</subfield>
            <subfield code="b">ger</subfield>
            <subfield code="c">ETH-BIB</subfield>
            <subfield code="e">ETHICS-ISBD</subfield>
         <subfield code="d">SzZuIDS HSG</subfield></datafield>
         <datafield tag="044" ind1=" " ind2=" ">
            <subfield code="a">gw</subfield>
            <subfield code="a">sz</subfield>
         </datafield>
         <datafield tag="072" ind1=" " ind2="7">
            <subfield code="a">s1dr</subfield>
            <subfield code="2">rero</subfield>
         </datafield>
         <datafield tag="100" ind1="1" ind2=" ">
            <subfield code="a">Rupp</subfield>
            <subfield code="D">Friedrich</subfield>
         </datafield>
         <datafield tag="245" ind1="1" ind2="4">
            <subfield code="a">Der Gesetzestatbestand der Rückstellungen im Bilanzsteuerrecht</subfield>
            <subfield code="c">Friedrich Rupp</subfield>
         </datafield>
         <datafield tag="260" ind1=" " ind2=" ">
            <subfield code="a">Frankfurt am Main</subfield>
            <subfield code="a">Bern [etc.]</subfield>
            <subfield code="b">Lang</subfield>
            <subfield code="c">1991</subfield>
         </datafield>
         <datafield tag="300" ind1=" " ind2=" ">
            <subfield code="a">X, 183 S.</subfield>
            <subfield code="c">21 cm.</subfield>
         </datafield>
         <datafield tag="490" ind1="1" ind2=" ">
            <subfield code="a">Europäische Hochschulschriften. Reihe 2, Rechtswissenschaft</subfield>
            <subfield code="v">1003</subfield>
            <subfield code="i">1003</subfield>
            <subfield code="w">(NEBIS)000058234</subfield>
            <subfield code="9">512541353</subfield>
         </datafield>
         <datafield tag="500" ind1=" " ind2=" ">
            <subfield code="a">Ed. commerciale de thèse</subfield>
         </datafield>
         <datafield tag="502" ind1=" " ind2=" ">
            <subfield code="a">Zugl.: Heidelberg, Univ., Diss., 1989</subfield>
         </datafield>
         <datafield tag="504" ind1=" " ind2=" ">
            <subfield code="a">Literaturverz.</subfield>
         </datafield>
         <datafield tag="583" ind1=" " ind2=" ">
            <subfield code="8">1900899212</subfield>
            <subfield code="a">dea</subfield>
            <subfield code="i">ps</subfield>
            <subfield code="c">NB112-2007</subfield>
            <subfield code="l">nt</subfield>
         </datafield>
         <datafield tag="650" ind1=" " ind2="7">
            <subfield code="a">Recht</subfield>
            <subfield code="2">idszbz</subfield>
         </datafield>
         <datafield tag="650" ind1=" " ind2="7">
            <subfield code="a">Rückstellung</subfield>
            <subfield code="2">idszbz</subfield>
         </datafield>
         <datafield tag="650" ind1=" " ind2="7">
            <subfield code="a">Steuerbilanz</subfield>
            <subfield code="2">idszbz</subfield>
         </datafield>
         <datafield tag="650" ind1=" " ind2="7">
            <subfield code="a">Bilanzsteuerrecht</subfield>
            <subfield code="0">(DE-588)4112756-0</subfield>
            <subfield code="2">gnd</subfield>
         </datafield>
         <datafield tag="650" ind1=" " ind2="7">
            <subfield code="a">Rückstellung</subfield>
            <subfield code="0">(DE-588)4050856-0</subfield>
            <subfield code="2">gnd</subfield>
         </datafield>
         <datafield tag="650" ind1=" " ind2="0">
            <subfield code="a">Corporation reserves</subfield>
            <subfield code="x">Taxation</subfield>
            <subfield code="x">Law and legislation</subfield>
            <subfield code="z">Germany</subfield>
         </datafield>
         <datafield tag="650" ind1=" " ind2="0">
            <subfield code="a">Income tax</subfield>
            <subfield code="x">Accounting</subfield>
            <subfield code="x">Law and legislation</subfield>
            <subfield code="z">Germany</subfield>
         </datafield>
         <datafield tag="651" ind1=" " ind2="7">
            <subfield code="a">Deutschland (BRD)</subfield>
            <subfield code="2">idszbz</subfield>
         </datafield>
         <datafield tag="651" ind1=" " ind2="7">
            <subfield code="a">Deutschland</subfield>
            <subfield code="0">(DE-588)4011882-4</subfield>
            <subfield code="2">gnd</subfield>
         </datafield>
         <datafield tag="690" ind1=" " ind2="7">
            <subfield code="B">u</subfield>
            <subfield code="u">PE</subfield>
            <subfield code="a">Einkommen- und Vermögensteuern, Ertrag- und Kapitalsteuern : Einkommen Selbständigerwerbender, Unternehmungsbesteuerung</subfield>
            <subfield code="2">idssg HD</subfield>
         </datafield>
         <datafield tag="691" ind1=" " ind2="7">
            <subfield code="a">347.719</subfield>
            <subfield code="2">snl local</subfield>
         </datafield>
         <datafield tag="691" ind1=" " ind2="7">
            <subfield code="a">347.725.035</subfield>
            <subfield code="2">snl local</subfield>
         </datafield>
         <datafield tag="691" ind1=" " ind2="7">
            <subfield code="a">351.713.025</subfield>
            <subfield code="2">snl local</subfield>
         </datafield>
         <datafield tag="691" ind1=" " ind2="7">
            <subfield code="2">rero dr-sys</subfield>
            <subfield code="u">CA/D 54.2 h</subfield>
         </datafield>
         <datafield tag="691" ind1=" " ind2="7">
            <subfield code="2">rero dr-sys</subfield>
            <subfield code="u">CA/D 80 h</subfield>
         </datafield>
         <datafield tag="830" ind1=" " ind2="0">
            <subfield code="a">Europäische Hochschulschriften</subfield>
            <subfield code="n">Reihe 02</subfield>
            <subfield code="p">Rechtswissenschaft</subfield>
            <subfield code="v">1003</subfield>
         </datafield>
         <datafield tag="908" ind1=" " ind2=" ">
            <subfield code="D">1</subfield>
            <subfield code="a">Hochschulschrift = Thèse/Mémoire</subfield>
         </datafield>
         <datafield tag="912" ind1=" " ind2="7">
            <subfield code="a">M115</subfield>
            <subfield code="2">Z01</subfield>
         </datafield>
         <datafield tag="950" ind1=" " ind2=" ">
            <subfield code="B">NEBIS</subfield>
            <subfield code="P">100</subfield>
            <subfield code="E">1-</subfield>
            <subfield code="a">Rupp</subfield>
            <subfield code="D">Friedrich</subfield>
         </datafield>
         <datafield tag="950" ind1=" " ind2=" ">
            <subfield code="B">NEBIS</subfield>
            <subfield code="P">490</subfield>
            <subfield code="E">--</subfield>
            <subfield code="a">Europäische Hochschulschriften. Reihe 2, Rechtswissenschaft</subfield>
            <subfield code="v">1003</subfield>
            <subfield code="i">1003</subfield>
            <subfield code="w">(NEBIS)000058234</subfield>
            <subfield code="9">512541353</subfield>
         </datafield>
         <datafield tag="950" ind1=" " ind2=" ">
            <subfield code="B">SNL</subfield>
            <subfield code="P">100</subfield>
            <subfield code="E">1-</subfield>
            <subfield code="a">Rupp</subfield>
            <subfield code="D">Friedrich</subfield>
         </datafield>
         <datafield tag="950" ind1=" " ind2=" ">
            <subfield code="B">SNL</subfield>
            <subfield code="P">490</subfield>
            <subfield code="E">1-</subfield>
            <subfield code="a">Europäische Hochschulschriften. Reihe 02, Rechtswissenschaft</subfield>
            <subfield code="x">0531-7312</subfield>
            <subfield code="v">1003</subfield>
         </datafield>
         <datafield tag="950" ind1=" " ind2=" ">
            <subfield code="B">SNL</subfield>
            <subfield code="P">730</subfield>
            <subfield code="E">--</subfield>
            <subfield code="a">Rechtswissenschaft</subfield>
         </datafield>
         <datafield tag="950" ind1=" " ind2=" ">
            <subfield code="B">SNL</subfield>
            <subfield code="P">830</subfield>
            <subfield code="E">--</subfield>
            <subfield code="a">Europäische Hochschulschriften</subfield>
            <subfield code="n">Reihe 02</subfield>
            <subfield code="p">Rechtswissenschaft</subfield>
            <subfield code="v">1003</subfield>
         </datafield>
         <datafield tag="950" ind1=" " ind2=" ">
            <subfield code="B">RERO</subfield>
            <subfield code="P">100</subfield>
            <subfield code="E">1-</subfield>
            <subfield code="a">Rupp</subfield>
            <subfield code="D">Friedrich</subfield>
         </datafield>
         <datafield tag="950" ind1=" " ind2=" ">
            <subfield code="B">RERO</subfield>
            <subfield code="P">490</subfield>
            <subfield code="E">1-</subfield>
            <subfield code="a">Europäische Hochschulschriften. Reihe 2, Rechtswissenschaft</subfield>
            <subfield code="v">Bd. 1003</subfield>
         </datafield>
         <datafield tag="950" ind1=" " ind2=" ">
            <subfield code="B">RERO</subfield>
            <subfield code="P">830</subfield>
            <subfield code="E">--</subfield>
            <subfield code="a">Europäische Hochschulschriften</subfield>
            <subfield code="p">Reihe 2, Rechtswissenschaft = Publications universitaires européennes. Série 2, Sciences juridiques = European university papers. Series 2, Law</subfield>
            <subfield code="v">1003</subfield>
         </datafield>
         <datafield tag="950" ind1=" " ind2=" ">
            <subfield code="B">IDSSG</subfield>
            <subfield code="P">100</subfield>
            <subfield code="E">1-</subfield>
            <subfield code="a">Rupp</subfield>
            <subfield code="D">Friedrich</subfield>
            <subfield code="e">Verfasser</subfield>
            <subfield code="4">aut</subfield>
         </datafield>
         <datafield tag="898" ind1=" " ind2=" ">
            <subfield code="a">BK020300</subfield>
            <subfield code="b">XK020000</subfield>
            <subfield code="c">XK020000</subfield>
         </datafield>
         <datafield tag="898" ind1=" " ind2=" ">
            <subfield code="a">BK020000</subfield>
            <subfield code="b">XK020000</subfield>
            <subfield code="c">XK020000</subfield>
         </datafield>
         
         
         
         
      <datafield tag="690" ind1="H" ind2="D">
	    	<subfield code="8">PE</subfield>
	    	<subfield code="a">Einkommen- und Vermögensteuern, Ertrag- und Kapitalsteuern : Einkommen Selbständigerwerbender, Unternehmungsbesteuerung</subfield>
	    	<subfield code="2">HSG-IFF</subfield>
	    </datafield></record>