<record xmlns:xs="http://www.w3.org/2001/XMLSchema">
         <leader>     nam a22     2  4500</leader>
         <controlfield tag="001">529594285</controlfield>
         <controlfield tag="003">CHVBK</controlfield>
         <controlfield tag="005">20181009073755.0</controlfield>
         <controlfield tag="008">181009s1970    sz            00    ger  </controlfield>
         <datafield tag="019" ind1=" " ind2=" ">
            <subfield code="a">Rekatalogisierung des alphabetischen Kataloges SOB anhand von Kärtchen (Katalogscan 085/0608)</subfield>
            <subfield code="5">2000-2001 Medea</subfield>
         </datafield>
         <datafield tag="035" ind1=" " ind2=" ">
            <subfield code="a">(IDSBB)002371678</subfield>
         </datafield>
         <datafield tag="035" ind1=" " ind2=" ">
            <subfield code="a">(NEBIS)003263961</subfield>
         </datafield>
         <datafield tag="040" ind1=" " ind2=" ">
            <subfield code="a">SzZuIDS BS/BE B415</subfield>
            <subfield code="e">kids</subfield>
         <subfield code="d">SzZuIDS HSG</subfield></datafield>
         <datafield tag="100" ind1="1" ind2=" ">
            <subfield code="a">Šik</subfield>
            <subfield code="D">Ota</subfield>
            <subfield code="d">1919-2004</subfield>
            <subfield code="0">(DE-588)118614274</subfield>
         </datafield>
         <datafield tag="245" ind1="1" ind2="0">
            <subfield code="a">Auf der Suche nach der humanen Wirtschaft</subfield>
            <subfield code="b">drei Modelle</subfield>
            <subfield code="c">Ota Sik, Wolfgang Frickhöffer, Max Rapold : Referate : Gruppenberichte vom XVIII. Giessbach-Seminar des Redressement National, 18. bis 20.9.1969</subfield>
         </datafield>
         <datafield tag="264" ind1=" " ind2="1">
            <subfield code="a">Zürich</subfield>
            <subfield code="b">Redressement National</subfield>
            <subfield code="c">1970</subfield>
         </datafield>
         <datafield tag="300" ind1=" " ind2=" ">
            <subfield code="a">68 S.</subfield>
            <subfield code="c">22 cm</subfield>
         </datafield>
         <datafield tag="490" ind1="0" ind2=" ">
            <subfield code="a">Zeitfragen der schweizerischen Wirtschaft und Politik</subfield>
            <subfield code="v">Nr. 97</subfield>
            <subfield code="i">97</subfield>
            <subfield code="w">(IDSBB)000143969</subfield>
            <subfield code="9">289665620</subfield>
         </datafield>
         <datafield tag="690" ind1=" " ind2="7">
            <subfield code="B">u</subfield>
            <subfield code="a">Wirtschaftsordnung</subfield>
            <subfield code="2">nebis ER</subfield>
         </datafield>
         <datafield tag="690" ind1=" " ind2="7">
            <subfield code="B">u</subfield>
            <subfield code="a">Wirtschaftssystem / Abhandlungen, Vorträge</subfield>
            <subfield code="2">idszbz Z9</subfield>
         </datafield>
         <datafield tag="691" ind1=" " ind2="7">
            <subfield code="B">u</subfield>
            <subfield code="u">330</subfield>
            <subfield code="a">Wirtschaft, Osteuropa</subfield>
            <subfield code="2">idsbb GL</subfield>
         </datafield>
         <datafield tag="700" ind1="1" ind2=" ">
            <subfield code="a">Frickhöffer</subfield>
            <subfield code="D">Wolfgang</subfield>
         </datafield>
         <datafield tag="700" ind1="1" ind2=" ">
            <subfield code="a">Rapold</subfield>
            <subfield code="D">Max Ulrich</subfield>
         </datafield>
         <datafield tag="909" ind1=" " ind2="7">
            <subfield code="a">MedeaZBZ</subfield>
            <subfield code="2">idszbz ZR</subfield>
         </datafield>
         <datafield tag="950" ind1=" " ind2=" ">
            <subfield code="B">IDSBB</subfield>
            <subfield code="P">100</subfield>
            <subfield code="E">1-</subfield>
            <subfield code="a">Šik</subfield>
            <subfield code="D">Ota</subfield>
            <subfield code="d">1919-2004</subfield>
            <subfield code="0">(DE-588)118614274</subfield>
         </datafield>
         <datafield tag="950" ind1=" " ind2=" ">
            <subfield code="B">IDSBB</subfield>
            <subfield code="P">490</subfield>
            <subfield code="E">0-</subfield>
            <subfield code="a">Zeitfragen der schweizerischen Wirtschaft und Politik</subfield>
            <subfield code="v">Nr. 97</subfield>
            <subfield code="i">97</subfield>
            <subfield code="w">(IDSBB)000143969</subfield>
            <subfield code="9">289665620</subfield>
         </datafield>
         <datafield tag="950" ind1=" " ind2=" ">
            <subfield code="B">IDSBB</subfield>
            <subfield code="P">700</subfield>
            <subfield code="E">1-</subfield>
            <subfield code="a">Frickhöffer</subfield>
            <subfield code="D">Wolfgang</subfield>
         </datafield>
         <datafield tag="950" ind1=" " ind2=" ">
            <subfield code="B">IDSBB</subfield>
            <subfield code="P">700</subfield>
            <subfield code="E">1-</subfield>
            <subfield code="a">Rapold</subfield>
            <subfield code="D">Max Ulrich</subfield>
         </datafield>
         <datafield tag="950" ind1=" " ind2=" ">
            <subfield code="B">NEBIS</subfield>
            <subfield code="P">100</subfield>
            <subfield code="E">1-</subfield>
            <subfield code="a">Šik</subfield>
            <subfield code="D">Ota</subfield>
            <subfield code="d">1919-2004</subfield>
            <subfield code="0">(DE-588)118614274</subfield>
         </datafield>
         <datafield tag="950" ind1=" " ind2=" ">
            <subfield code="B">NEBIS</subfield>
            <subfield code="P">490</subfield>
            <subfield code="E">--</subfield>
            <subfield code="a">Zeitfragen der schweizerischen Wirtschaft und Politik</subfield>
            <subfield code="v">Nr. 97</subfield>
            <subfield code="i">97</subfield>
            <subfield code="w">(NEBIS)000008003</subfield>
            <subfield code="9">282500367</subfield>
         </datafield>
         <datafield tag="950" ind1=" " ind2=" ">
            <subfield code="B">NEBIS</subfield>
            <subfield code="P">700</subfield>
            <subfield code="E">1-</subfield>
            <subfield code="a">Frickhöffer</subfield>
            <subfield code="D">Wolfgang</subfield>
         </datafield>
         <datafield tag="950" ind1=" " ind2=" ">
            <subfield code="B">NEBIS</subfield>
            <subfield code="P">700</subfield>
            <subfield code="E">1-</subfield>
            <subfield code="a">Rapold</subfield>
            <subfield code="D">Max Ulrich</subfield>
         </datafield>
         <datafield tag="986" ind1=" " ind2=" ">
            <subfield code="a">SWISSBIB</subfield>
            <subfield code="b">058870334</subfield>
         </datafield>
         <datafield tag="986" ind1=" " ind2=" ">
            <subfield code="a">ORANGE</subfield>
            <subfield code="b">058870334</subfield>
         </datafield>
         <datafield tag="898" ind1=" " ind2=" ">
            <subfield code="a">BK020000</subfield>
            <subfield code="b">XK020000</subfield>
            <subfield code="c">XK020000</subfield>
         </datafield>
         
         
         
         
         
         
      <datafield tag="690" ind1="H" ind2="D">
	    	<subfield code="8">YC</subfield>
	    	<subfield code="a">Wirtschaftswissenschaften : Wirtschaftstheorie, einschliesslich Geldtheorie</subfield>
	    	<subfield code="2">HSG-IFF</subfield>
	    </datafield></record>