<record xmlns:xs="http://www.w3.org/2001/XMLSchema">
         <leader>     cam a22     2  4500</leader>
         <controlfield tag="001">276624238</controlfield>
         <controlfield tag="003">CHVBK</controlfield>
         <controlfield tag="005">20180630063554.0</controlfield>
         <controlfield tag="008">130818s1983    gw ||||||mm|| 00   |ger d</controlfield>
         <datafield tag="020" ind1=" " ind2=" ">
            <subfield code="a">3-88259-281-8</subfield>
         </datafield>
         <datafield tag="035" ind1=" " ind2=" ">
            <subfield code="a">(NEBIS)003047925</subfield>
         </datafield>
         <datafield tag="035" ind1=" " ind2=" ">
            <subfield code="a">(IDSBB)000071753</subfield>
         </datafield>
         <datafield tag="040" ind1=" " ind2=" ">
            <subfield code="a">SzZuIDS BS/BE</subfield>
            <subfield code="d">SzZuIDS NEBIS ZBZ</subfield>
         <subfield code="d">SzZuIDS HSG</subfield></datafield>
         <datafield tag="084" ind1=" " ind2=" ">
            <subfield code="a">PP 5605</subfield>
            <subfield code="2">rvk</subfield>
         </datafield>
         <datafield tag="084" ind1=" " ind2=" ">
            <subfield code="a">QL 611</subfield>
            <subfield code="2">rvk</subfield>
         </datafield>
         <datafield tag="100" ind1="1" ind2=" ">
            <subfield code="a">Scheil</subfield>
            <subfield code="D">Xenia Beatrice</subfield>
         </datafield>
         <datafield tag="245" ind1="1" ind2="0">
            <subfield code="a">Besteuerung von Alterseinkünften</subfield>
            <subfield code="b">Verteilungswirkungen der steuerlichen Behandlung im internationalen Vergleich</subfield>
            <subfield code="c">Xenia B. Scheil</subfield>
         </datafield>
         <datafield tag="260" ind1=" " ind2=" ">
            <subfield code="a">München</subfield>
            <subfield code="b">V. Florentz</subfield>
            <subfield code="c">1983</subfield>
         </datafield>
         <datafield tag="300" ind1=" " ind2=" ">
            <subfield code="a">213 S.</subfield>
            <subfield code="b">Ill.</subfield>
         </datafield>
         <datafield tag="502" ind1=" " ind2=" ">
            <subfield code="a">Zugl.: Diss. Wirtschaftswiss. FU Berlin, 1982</subfield>
         </datafield>
         <datafield tag="650" ind1=" " ind2="7">
            <subfield code="a">Alterseinkünfte</subfield>
            <subfield code="0">(DE-588)4133432-2</subfield>
            <subfield code="2">gnd</subfield>
         </datafield>
         <datafield tag="650" ind1=" " ind2="7">
            <subfield code="a">Altersruhegeld</subfield>
            <subfield code="0">(DE-588)4068604-8</subfield>
            <subfield code="2">gnd</subfield>
         </datafield>
         <datafield tag="650" ind1=" " ind2="7">
            <subfield code="a">Internationaler Vergleich</subfield>
            <subfield code="0">(DE-588)4120509-1</subfield>
            <subfield code="2">gnd</subfield>
         </datafield>
         <datafield tag="650" ind1=" " ind2="7">
            <subfield code="a">Personelle Einkommensverteilung</subfield>
            <subfield code="0">(DE-588)4115536-1</subfield>
            <subfield code="2">gnd</subfield>
         </datafield>
         <datafield tag="650" ind1=" " ind2="7">
            <subfield code="a">Rechtsvergleich</subfield>
            <subfield code="0">(DE-588)4115712-6</subfield>
            <subfield code="2">gnd</subfield>
         </datafield>
         <datafield tag="650" ind1=" " ind2="7">
            <subfield code="a">Rente</subfield>
            <subfield code="0">(DE-588)4049496-2</subfield>
            <subfield code="2">gnd</subfield>
         </datafield>
         <datafield tag="650" ind1=" " ind2="7">
            <subfield code="a">Steuerrecht</subfield>
            <subfield code="0">(DE-588)4116614-0</subfield>
            <subfield code="2">gnd</subfield>
         </datafield>
         <datafield tag="650" ind1=" " ind2="0">
            <subfield code="a">Pensions</subfield>
            <subfield code="x">Taxation</subfield>
            <subfield code="x">Law and legislation</subfield>
         </datafield>
         <datafield tag="650" ind1=" " ind2="0">
            <subfield code="a">Pensions</subfield>
            <subfield code="x">Taxation</subfield>
            <subfield code="x">Law and legislation</subfield>
            <subfield code="z">Germany (West)</subfield>
         </datafield>
         <datafield tag="650" ind1=" " ind2="7">
            <subfield code="a">Alterseinkommen</subfield>
            <subfield code="x">Besteuerung</subfield>
            <subfield code="2">idsbb</subfield>
         </datafield>
         <datafield tag="650" ind1=" " ind2="7">
            <subfield code="a">Umverteilung</subfield>
            <subfield code="2">idsbb</subfield>
         </datafield>
         <datafield tag="651" ind1=" " ind2="7">
            <subfield code="a">Deutschland (Bundesrepublik)</subfield>
            <subfield code="0">(DE-588)4011889-7</subfield>
            <subfield code="2">gnd</subfield>
         </datafield>
         <datafield tag="655" ind1=" " ind2="7">
            <subfield code="a">Hochschulschrift</subfield>
            <subfield code="2">gnd-content</subfield>
         </datafield>
         <datafield tag="690" ind1=" " ind2="7">
            <subfield code="B">u</subfield>
            <subfield code="a">Alter / Verhältnis zu einzelnen Faktoren</subfield>
            <subfield code="2">idszbz Z9</subfield>
         </datafield>
         <datafield tag="690" ind1=" " ind2="7">
            <subfield code="B">u</subfield>
            <subfield code="a">Einkommensteuer / Verhältnis zu einzelnen Faktoren</subfield>
            <subfield code="2">idszbz Z9</subfield>
         </datafield>
         <datafield tag="690" ind1=" " ind2="7">
            <subfield code="B">u</subfield>
            <subfield code="a">Steuerwirkung / 1975- ersch</subfield>
            <subfield code="2">idszbz Z9</subfield>
         </datafield>
         <datafield tag="690" ind1=" " ind2="7">
            <subfield code="B">u</subfield>
            <subfield code="a">J 2</subfield>
            <subfield code="d">Time allocation; work behavior; employment determination and creation = Zeitallokation, Arbeitsverhalten und Arbeitsangebot, Schaffung von Arbeitsplätzen</subfield>
            <subfield code="2">idsuzh VJ</subfield>
         </datafield>
         <datafield tag="690" ind1=" " ind2="7">
            <subfield code="B">u</subfield>
            <subfield code="a">H 2</subfield>
            <subfield code="d">Taxation, subsidies, and revenue = Steuern, Subventionen und Staatseinnahmen</subfield>
            <subfield code="2">idsuzh VJ</subfield>
         </datafield>
         <datafield tag="690" ind1=" " ind2="7">
            <subfield code="B">u</subfield>
            <subfield code="a">I 3</subfield>
            <subfield code="d">Welfare and poverty = Wohlfahrt und Armut</subfield>
            <subfield code="2">idsuzh VJ</subfield>
         </datafield>
         <datafield tag="908" ind1=" " ind2=" ">
            <subfield code="D">1</subfield>
            <subfield code="a">Hochschulschrift = Thèse/Mémoire</subfield>
         </datafield>
         <datafield tag="909" ind1=" " ind2="7">
            <subfield code="a">MedeaZBZ</subfield>
            <subfield code="2">idszbz ZR</subfield>
         </datafield>
         <datafield tag="912" ind1=" " ind2="7">
            <subfield code="a">vw</subfield>
            <subfield code="2">SzZuIDS BS/BE</subfield>
         </datafield>
         <datafield tag="950" ind1=" " ind2=" ">
            <subfield code="B">NEBIS</subfield>
            <subfield code="P">100</subfield>
            <subfield code="E">1-</subfield>
            <subfield code="a">Scheil</subfield>
            <subfield code="D">Xenia Beatrice</subfield>
         </datafield>
         <datafield tag="950" ind1=" " ind2=" ">
            <subfield code="B">IDSBB</subfield>
            <subfield code="P">100</subfield>
            <subfield code="E">1-</subfield>
            <subfield code="a">Scheil</subfield>
            <subfield code="D">Xenia Beatrice</subfield>
         </datafield>
         <datafield tag="986" ind1=" " ind2=" ">
            <subfield code="a">SWISSBIB</subfield>
            <subfield code="b">276624238</subfield>
         </datafield>
         <datafield tag="898" ind1=" " ind2=" ">
            <subfield code="a">BK020300</subfield>
            <subfield code="b">XK020000</subfield>
            <subfield code="c">XK020000</subfield>
         </datafield>
         
         
         
      <datafield tag="690" ind1="H" ind2="D">
	    	<subfield code="8">YV</subfield>
	    	<subfield code="a">Wirtschaftswissenschaften : Arbeitnehmerfragen (Labor Economics)</subfield>
	    	<subfield code="2">HSG-IFF</subfield>
	    </datafield></record>